%YAML 1.1
%TAG !u! tag:unity3d.com,2011:
--- !u!1 &135267246428216695
GameObject:
  m_ObjectHideFlags: 0
  m_CorrespondingSourceObject: {fileID: 0}
  m_PrefabInstance: {fileID: 0}
  m_PrefabAsset: {fileID: 0}
  serializedVersion: 6
  m_Component:
  - component: {fileID: 3548778488142352326}
  - component: {fileID: 1235934384839978608}
  - component: {fileID: 1853954287818458772}
  - component: {fileID: 3039229994094642471}
  m_Layer: 0
  m_Name: Trigger Painter (7)
  m_TagString: Untagged
  m_Icon: {fileID: 0}
  m_NavMeshLayer: 0
  m_StaticEditorFlags: 0
  m_IsActive: 1
--- !u!4 &3548778488142352326
Transform:
  m_ObjectHideFlags: 0
  m_CorrespondingSourceObject: {fileID: 0}
  m_PrefabInstance: {fileID: 0}
  m_PrefabAsset: {fileID: 0}
  m_GameObject: {fileID: 135267246428216695}
  m_LocalRotation: {x: 0, y: 0, z: 0, w: 1}
  m_LocalPosition: {x: -0.007, y: 0.0367, z: -0.015}
  m_LocalScale: {x: 1, y: 1, z: 1}
  m_Children: []
  m_Father: {fileID: 921869819245494021}
  m_RootOrder: 6
  m_LocalEulerAnglesHint: {x: 0, y: 0, z: 0}
--- !u!114 &1235934384839978608
MonoBehaviour:
  m_ObjectHideFlags: 0
  m_CorrespondingSourceObject: {fileID: 0}
  m_PrefabInstance: {fileID: 0}
  m_PrefabAsset: {fileID: 0}
  m_GameObject: {fileID: 135267246428216695}
  m_Enabled: 1
  m_EditorHideFlags: 0
  m_Script: {fileID: 11500000, guid: 2be8a48416f841d4fac024c4f1994147, type: 3}
  m_Name: 
  m_EditorClassIdentifier: 
  interactionTag: Paintable
  paintColor: {r: 1, g: 0, b: 0, a: 1}
  radius: 0.038
  strength: 1
  hardness: 1
--- !u!135 &1853954287818458772
SphereCollider:
  m_ObjectHideFlags: 0
  m_CorrespondingSourceObject: {fileID: 0}
  m_PrefabInstance: {fileID: 0}
  m_PrefabAsset: {fileID: 0}
  m_GameObject: {fileID: 135267246428216695}
  m_Material: {fileID: 0}
  m_IsTrigger: 1
  m_Enabled: 1
  serializedVersion: 2
  m_Radius: 0.038
  m_Center: {x: 0, y: 0, z: 0}
--- !u!54 &3039229994094642471
Rigidbody:
  m_ObjectHideFlags: 0
  m_CorrespondingSourceObject: {fileID: 0}
  m_PrefabInstance: {fileID: 0}
  m_PrefabAsset: {fileID: 0}
  m_GameObject: {fileID: 135267246428216695}
  serializedVersion: 2
  m_Mass: 1
  m_Drag: 0
  m_AngularDrag: 0.05
  m_UseGravity: 1
  m_IsKinematic: 1
  m_Interpolate: 0
  m_Constraints: 0
  m_CollisionDetection: 0
--- !u!1 &424994153454960460
GameObject:
  m_ObjectHideFlags: 0
  m_CorrespondingSourceObject: {fileID: 0}
  m_PrefabInstance: {fileID: 0}
  m_PrefabAsset: {fileID: 0}
  serializedVersion: 6
  m_Component:
  - component: {fileID: 87680687779440714}
  - component: {fileID: 5945046372550717358}
  - component: {fileID: 4944511358779444483}
  - component: {fileID: 5364721780491106648}
  m_Layer: 0
  m_Name: Trigger Painter (8)
  m_TagString: Untagged
  m_Icon: {fileID: 0}
  m_NavMeshLayer: 0
  m_StaticEditorFlags: 0
  m_IsActive: 1
--- !u!4 &87680687779440714
Transform:
  m_ObjectHideFlags: 0
  m_CorrespondingSourceObject: {fileID: 0}
  m_PrefabInstance: {fileID: 0}
  m_PrefabAsset: {fileID: 0}
  m_GameObject: {fileID: 424994153454960460}
  m_LocalRotation: {x: 0, y: 0, z: 0, w: 1}
  m_LocalPosition: {x: -0.007, y: 0.0192, z: -0.015}
  m_LocalScale: {x: 1, y: 1, z: 1}
  m_Children: []
  m_Father: {fileID: 921869819245494021}
  m_RootOrder: 7
  m_LocalEulerAnglesHint: {x: 0, y: 0, z: 0}
--- !u!114 &5945046372550717358
MonoBehaviour:
  m_ObjectHideFlags: 0
  m_CorrespondingSourceObject: {fileID: 0}
  m_PrefabInstance: {fileID: 0}
  m_PrefabAsset: {fileID: 0}
  m_GameObject: {fileID: 424994153454960460}
  m_Enabled: 1
  m_EditorHideFlags: 0
  m_Script: {fileID: 11500000, guid: 2be8a48416f841d4fac024c4f1994147, type: 3}
  m_Name: 
  m_EditorClassIdentifier: 
  interactionTag: Paintable
  paintColor: {r: 1, g: 0, b: 0, a: 1}
  radius: 0.038
  strength: 1
  hardness: 1
--- !u!135 &4944511358779444483
SphereCollider:
  m_ObjectHideFlags: 0
  m_CorrespondingSourceObject: {fileID: 0}
  m_PrefabInstance: {fileID: 0}
  m_PrefabAsset: {fileID: 0}
  m_GameObject: {fileID: 424994153454960460}
  m_Material: {fileID: 0}
  m_IsTrigger: 1
  m_Enabled: 1
  serializedVersion: 2
  m_Radius: 0.038
  m_Center: {x: 0, y: 0, z: 0}
--- !u!54 &5364721780491106648
Rigidbody:
  m_ObjectHideFlags: 0
  m_CorrespondingSourceObject: {fileID: 0}
  m_PrefabInstance: {fileID: 0}
  m_PrefabAsset: {fileID: 0}
  m_GameObject: {fileID: 424994153454960460}
  serializedVersion: 2
  m_Mass: 1
  m_Drag: 0
  m_AngularDrag: 0.05
  m_UseGravity: 1
  m_IsKinematic: 1
  m_Interpolate: 0
  m_Constraints: 0
  m_CollisionDetection: 0
--- !u!1 &2093518299608964766
GameObject:
  m_ObjectHideFlags: 0
  m_CorrespondingSourceObject: {fileID: 0}
  m_PrefabInstance: {fileID: 0}
  m_PrefabAsset: {fileID: 0}
  serializedVersion: 6
  m_Component:
  - component: {fileID: 4050455500259216592}
  - component: {fileID: 2108879000076530659}
  - component: {fileID: 8492263485284282441}
  - component: {fileID: 7487589991512911064}
  - component: {fileID: 196869469390123547}
  - component: {fileID: 4936118774581456720}
  - component: {fileID: 4972772088463027578}
  - component: {fileID: 4312859442431128051}
  - component: {fileID: 614870041808823298}
  - component: {fileID: 6521656299809490646}
  - component: {fileID: 6790786607988831559}
  - component: {fileID: 5242724175656700761}
  - component: {fileID: 4109335100367301398}
  - component: {fileID: 1172462335078311736}
  - component: {fileID: 8696029663817203936}
  - component: {fileID: 8448811327966881450}
  m_Layer: 0
  m_Name: Roller Tool
  m_TagString: Untagged
  m_Icon: {fileID: 0}
  m_NavMeshLayer: 0
  m_StaticEditorFlags: 0
  m_IsActive: 1
--- !u!4 &4050455500259216592
Transform:
  m_ObjectHideFlags: 0
  m_CorrespondingSourceObject: {fileID: 0}
  m_PrefabInstance: {fileID: 0}
  m_PrefabAsset: {fileID: 0}
  m_GameObject: {fileID: 2093518299608964766}
  m_LocalRotation: {x: 0, y: 0, z: 0, w: 1}
  m_LocalPosition: {x: 0, y: 0, z: 0}
  m_LocalScale: {x: 1, y: 1, z: 1}
  m_Children:
  - {fileID: 6388916775679560508}
  - {fileID: 4305895740933687864}
  - {fileID: 6128277423669795124}
  - {fileID: 2420522031098287110}
  m_Father: {fileID: 0}
  m_RootOrder: 0
  m_LocalEulerAnglesHint: {x: 0, y: 0, z: 0}
--- !u!54 &2108879000076530659
Rigidbody:
  m_ObjectHideFlags: 0
  m_CorrespondingSourceObject: {fileID: 0}
  m_PrefabInstance: {fileID: 0}
  m_PrefabAsset: {fileID: 0}
  m_GameObject: {fileID: 2093518299608964766}
  serializedVersion: 2
  m_Mass: 1
  m_Drag: 0
  m_AngularDrag: 0.05
  m_UseGravity: 1
  m_IsKinematic: 0
  m_Interpolate: 0
  m_Constraints: 0
  m_CollisionDetection: 0
--- !u!114 &8492263485284282441
MonoBehaviour:
  m_ObjectHideFlags: 0
  m_CorrespondingSourceObject: {fileID: 0}
  m_PrefabInstance: {fileID: 0}
  m_PrefabAsset: {fileID: 0}
  m_GameObject: {fileID: 2093518299608964766}
  m_Enabled: 1
  m_EditorHideFlags: 0
  m_Script: {fileID: 11500000, guid: 0ad34abafad169848a38072baa96cdb2, type: 3}
  m_Name: 
  m_EditorClassIdentifier: 
  m_InteractionManager: {fileID: 0}
  m_Colliders: []
  m_InteractionLayerMask:
    serializedVersion: 2
    m_Bits: 4294967295
  m_CustomReticle: {fileID: 0}
  m_FirstHoverEntered:
    m_PersistentCalls:
      m_Calls: []
  m_LastHoverExited:
    m_PersistentCalls:
      m_Calls: []
  m_HoverEntered:
    m_PersistentCalls:
      m_Calls: []
  m_HoverExited:
    m_PersistentCalls:
      m_Calls: []
  m_SelectEntered:
    m_PersistentCalls:
      m_Calls: []
  m_SelectExited:
    m_PersistentCalls:
      m_Calls: []
  m_Activated:
    m_PersistentCalls:
      m_Calls: []
  m_Deactivated:
    m_PersistentCalls:
      m_Calls: []
  m_OnFirstHoverEntered:
    m_PersistentCalls:
      m_Calls: []
  m_OnLastHoverExited:
    m_PersistentCalls:
      m_Calls: []
  m_OnHoverEntered:
    m_PersistentCalls:
      m_Calls: []
  m_OnHoverExited:
    m_PersistentCalls:
      m_Calls: []
  m_OnSelectEntered:
    m_PersistentCalls:
      m_Calls: []
  m_OnSelectExited:
    m_PersistentCalls:
      m_Calls: []
  m_OnSelectCanceled:
    m_PersistentCalls:
      m_Calls: []
  m_OnActivate:
    m_PersistentCalls:
      m_Calls: []
  m_OnDeactivate:
    m_PersistentCalls:
      m_Calls: []
  m_AttachTransform: {fileID: 2420522031098287110}
  m_AttachEaseInTime: 0.15
  m_MovementType: 1
  m_VelocityDamping: 1
  m_VelocityScale: 1
  m_AngularVelocityDamping: 1
  m_AngularVelocityScale: 1
  m_TrackPosition: 1
  m_SmoothPosition: 0
  m_SmoothPositionAmount: 5
  m_TightenPosition: 0.5
  m_TrackRotation: 1
  m_SmoothRotation: 0
  m_SmoothRotationAmount: 5
  m_TightenRotation: 0.5
  m_ThrowOnDetach: 1
  m_ThrowSmoothingDuration: 0.25
  m_ThrowSmoothingCurve:
    serializedVersion: 2
    m_Curve:
    - serializedVersion: 3
      time: 1
      value: 1
      inSlope: 0
      outSlope: 0
      tangentMode: 0
      weightedMode: 0
      inWeight: 0
      outWeight: 0
    m_PreInfinity: 2
    m_PostInfinity: 2
    m_RotationOrder: 4
  m_ThrowVelocityScale: 1.5
  m_ThrowAngularVelocityScale: 0.25
  m_ForceGravityOnDetach: 0
  m_RetainTransformParent: 1
  m_AttachPointCompatibilityMode: 0
--- !u!114 &7487589991512911064
MonoBehaviour:
  m_ObjectHideFlags: 0
  m_CorrespondingSourceObject: {fileID: 0}
  m_PrefabInstance: {fileID: 0}
  m_PrefabAsset: {fileID: 0}
  m_GameObject: {fileID: 2093518299608964766}
  m_Enabled: 1
  m_EditorHideFlags: 0
  m_Script: {fileID: 11500000, guid: d2d388c24fb57e944975b753ca3de5d7, type: 3}
  m_Name: 
  m_EditorClassIdentifier: 
  property: 
  SkinnedMeshRenderer: {fileID: 0}
  MeshRenderer: {fileID: 5251990091872989267}
  Hover: {r: 0.929, g: 0.094, b: 0.278, a: 1}
  Select: {r: 1, g: 1, b: 1, a: 1}
--- !u!114 &196869469390123547
MonoBehaviour:
  m_ObjectHideFlags: 0
  m_CorrespondingSourceObject: {fileID: 0}
  m_PrefabInstance: {fileID: 0}
  m_PrefabAsset: {fileID: 0}
  m_GameObject: {fileID: 2093518299608964766}
  m_Enabled: 1
  m_EditorHideFlags: 0
  m_Script: {fileID: 11500000, guid: 86bca8815aafc1642bb7b32c9a18727b, type: 3}
  m_Name: 
  m_EditorClassIdentifier: 
  TriggerTag: ReturnFallingObjects
  Time: 0.5
  LiftHeight: 1
  IgnoreDistance: 0.1
--- !u!114 &4936118774581456720
MonoBehaviour:
  m_ObjectHideFlags: 0
  m_CorrespondingSourceObject: {fileID: 0}
  m_PrefabInstance: {fileID: 0}
  m_PrefabAsset: {fileID: 0}
  m_GameObject: {fileID: 2093518299608964766}
  m_Enabled: 1
  m_EditorHideFlags: 0
  m_Script: {fileID: 11500000, guid: cfc6d4e9654002547ba04cd840d3f2b8, type: 3}
  m_Name: 
  m_EditorClassIdentifier: 
  grabInteractable: {fileID: 8492263485284282441}
  audioSource: {fileID: 0}
  triggerPainters:
  - {fileID: 4178761773157152548}
  - {fileID: 7731580068543979819}
  - {fileID: 1483699000922920025}
  - {fileID: 3221227828021771576}
  - {fileID: 5524037872799600577}
  - {fileID: 5051810608361529515}
  - {fileID: 1235934384839978608}
  - {fileID: 5945046372550717358}
  - {fileID: 2504902658786292647}
  stickable: {fileID: 4312859442431128051}
--- !u!82 &4972772088463027578
AudioSource:
  m_ObjectHideFlags: 0
  m_CorrespondingSourceObject: {fileID: 0}
  m_PrefabInstance: {fileID: 0}
  m_PrefabAsset: {fileID: 0}
  m_GameObject: {fileID: 2093518299608964766}
  m_Enabled: 1
  serializedVersion: 4
  OutputAudioMixerGroup: {fileID: 3162424818605760896, guid: 50b09b097e815664d94b314b6afb387b, type: 2}
  m_audioClip: {fileID: 0}
  m_PlayOnAwake: 0
  m_Volume: 1
  m_Pitch: 1
  Loop: 0
  Mute: 0
  Spatialize: 0
  SpatializePostEffects: 0
  Priority: 128
  DopplerLevel: 1
  MinDistance: 1
  MaxDistance: 500
  Pan2D: 0
  rolloffMode: 0
  BypassEffects: 0
  BypassListenerEffects: 0
  BypassReverbZones: 0
  rolloffCustomCurve:
    serializedVersion: 2
    m_Curve:
    - serializedVersion: 3
      time: 0
      value: 1
      inSlope: 0
      outSlope: 0
      tangentMode: 0
      weightedMode: 0
      inWeight: 0.33333334
      outWeight: 0.33333334
    - serializedVersion: 3
      time: 1
      value: 0
      inSlope: 0
      outSlope: 0
      tangentMode: 0
      weightedMode: 0
      inWeight: 0.33333334
      outWeight: 0.33333334
    m_PreInfinity: 2
    m_PostInfinity: 2
    m_RotationOrder: 4
  panLevelCustomCurve:
    serializedVersion: 2
    m_Curve:
    - serializedVersion: 3
      time: 0
      value: 0
      inSlope: 0
      outSlope: 0
      tangentMode: 0
      weightedMode: 0
      inWeight: 0.33333334
      outWeight: 0.33333334
    m_PreInfinity: 2
    m_PostInfinity: 2
    m_RotationOrder: 4
  spreadCustomCurve:
    serializedVersion: 2
    m_Curve:
    - serializedVersion: 3
      time: 0
      value: 0
      inSlope: 0
      outSlope: 0
      tangentMode: 0
      weightedMode: 0
      inWeight: 0.33333334
      outWeight: 0.33333334
    m_PreInfinity: 2
    m_PostInfinity: 2
    m_RotationOrder: 4
  reverbZoneMixCustomCurve:
    serializedVersion: 2
    m_Curve:
    - serializedVersion: 3
      time: 0
      value: 1
      inSlope: 0
      outSlope: 0
      tangentMode: 0
      weightedMode: 0
      inWeight: 0.33333334
      outWeight: 0.33333334
    m_PreInfinity: 2
    m_PostInfinity: 2
    m_RotationOrder: 4
--- !u!114 &4312859442431128051
MonoBehaviour:
  m_ObjectHideFlags: 0
  m_CorrespondingSourceObject: {fileID: 0}
  m_PrefabInstance: {fileID: 0}
  m_PrefabAsset: {fileID: 0}
  m_GameObject: {fileID: 2093518299608964766}
  m_Enabled: 1
  m_EditorHideFlags: 0
  m_Script: {fileID: 11500000, guid: 2985fc165b3944547a8a90574e6212e5, type: 3}
  m_Name: 
  m_EditorClassIdentifier: 
  _isChangeHandMaterial: 0
  _isChangeStickedObjectMaterial: 1
  _meshRenderer: {fileID: 834311361620441187}
  _stickableGhostMaterial: {fileID: 2100000, guid: 51f6c8691b43a5d49ad4147e4a118e59, type: 2}
  _handGhostMaterial: {fileID: 2100000, guid: 67863656042bbbe438ef3fa85ff53724, type: 2}
  _rotationSpeed: 15
  _movementSpeed: 15
  _grabInteractable: {fileID: 8492263485284282441}
  _stickPoint: {fileID: 6128277423669795124}
--- !u!114 &614870041808823298
MonoBehaviour:
  m_ObjectHideFlags: 0
  m_CorrespondingSourceObject: {fileID: 0}
  m_PrefabInstance: {fileID: 0}
  m_PrefabAsset: {fileID: 0}
  m_GameObject: {fileID: 2093518299608964766}
  m_Enabled: 1
  m_EditorHideFlags: 0
  m_Script: {fileID: 11500000, guid: f34c967cb2e5489c9eba08c43d6bcd18, type: 3}
  m_Name: 
  m_EditorClassIdentifier: 
  _bothHands: 0
  _doNotDisableInteractorsSelecting: 0
  _interactable: {fileID: 8492263485284282441}
  _attachLeftHand: {fileID: 6855002878216882606}
  _attachRightHand: {fileID: 4291278823968764632}
--- !u!114 &6521656299809490646
MonoBehaviour:
  m_ObjectHideFlags: 0
  m_CorrespondingSourceObject: {fileID: 0}
  m_PrefabInstance: {fileID: 0}
  m_PrefabAsset: {fileID: 0}
  m_GameObject: {fileID: 2093518299608964766}
  m_Enabled: 1
  m_EditorHideFlags: 0
  m_Script: {fileID: 11500000, guid: 1ae632b29de44af1b38579af06c1e37d, type: 3}
  m_Name: 
  m_EditorClassIdentifier: 
  _components:
  - {fileID: 614870041808823298}
  - {fileID: 5242724175656700761}
  - {fileID: 6790786607988831559}
  - {fileID: 4109335100367301398}
  - {fileID: 1172462335078311736}
  - {fileID: 8448811327966881450}
--- !u!114 &6790786607988831559
MonoBehaviour:
  m_ObjectHideFlags: 0
  m_CorrespondingSourceObject: {fileID: 0}
  m_PrefabInstance: {fileID: 0}
  m_PrefabAsset: {fileID: 0}
  m_GameObject: {fileID: 2093518299608964766}
  m_Enabled: 1
  m_EditorHideFlags: 0
  m_Script: {fileID: 11500000, guid: c1d443ebcc258af46bda4448f80cd6d4, type: 3}
  m_Name: 
  m_EditorClassIdentifier: 
--- !u!114 &5242724175656700761
MonoBehaviour:
  m_ObjectHideFlags: 0
  m_CorrespondingSourceObject: {fileID: 0}
  m_PrefabInstance: {fileID: 0}
  m_PrefabAsset: {fileID: 0}
  m_GameObject: {fileID: 2093518299608964766}
  m_Enabled: 1
  m_EditorHideFlags: 0
  m_Script: {fileID: 11500000, guid: 107cdb6344184b4fa171a65521c571c5, type: 3}
  m_Name: 
  m_EditorClassIdentifier: 
  _interactable: {fileID: 8492263485284282441}
  _pickUpSoundPrefab: {fileID: 2247597866639943437, guid: 11787615b638b6b47b1becb2c520a343, type: 3}
  _dropSoundPrefab: {fileID: 1371529815954757195, guid: 0aa3f0cddc5ffa6449d76075cd5c053b, type: 3}
  _pickUpClips: {fileID: 11400000, guid: b4e6847c0e52f8645b6d9a389fa1589e, type: 2}
  _dropClips: {fileID: 11400000, guid: 5be51b6d052e88b4eae295d5a4c43d34, type: 2}
--- !u!114 &4109335100367301398
MonoBehaviour:
  m_ObjectHideFlags: 0
  m_CorrespondingSourceObject: {fileID: 0}
  m_PrefabInstance: {fileID: 0}
  m_PrefabAsset: {fileID: 0}
  m_GameObject: {fileID: 2093518299608964766}
  m_Enabled: 1
  m_EditorHideFlags: 0
  m_Script: {fileID: 11500000, guid: 66effb29d9a54862b5add14395fae194, type: 3}
  m_Name: 
  m_EditorClassIdentifier: 
  _interactable: {fileID: 8492263485284282441}
  _clipsData: {fileID: 11400000, guid: 3610bbe35874d624e8e8087f6e7fa0e5, type: 2}
  _onOffClipPrefab: {fileID: 4135029459976293186, guid: 04c36fdb5db3c734bbd314a79464067e, type: 3}
  _useOnOffClips: 0
  _useProgressBasedSignal: 1
  _volumeFadeInTime: 0.3
  _volumeFadeOutTime: 0.3
  _minVolume: 0
  _maxVolume: 1
  _pitchFadeInTime: 0.3
  _pitchFadeOutTime: 0.3
  _minPitch: 0
  _maxPitch: 1
--- !u!114 &1172462335078311736
MonoBehaviour:
  m_ObjectHideFlags: 0
  m_CorrespondingSourceObject: {fileID: 0}
  m_PrefabInstance: {fileID: 0}
  m_PrefabAsset: {fileID: 0}
  m_GameObject: {fileID: 2093518299608964766}
  m_Enabled: 1
  m_EditorHideFlags: 0
  m_Script: {fileID: 11500000, guid: fb708e9aa37b7c94d855fbd3652bc319, type: 3}
  m_Name: 
  m_EditorClassIdentifier: 
  _transform: {fileID: 4050455500259216592}
  _audioSource: {fileID: 4972772088463027578}
--- !u!114 &8696029663817203936
MonoBehaviour:
  m_ObjectHideFlags: 0
  m_CorrespondingSourceObject: {fileID: 0}
  m_PrefabInstance: {fileID: 0}
  m_PrefabAsset: {fileID: 0}
  m_GameObject: {fileID: 2093518299608964766}
  m_Enabled: 0
  m_EditorHideFlags: 0
  m_Script: {fileID: 11500000, guid: 5fea29bb7c508c244a1f805a5fd3fc4d, type: 3}
  m_Name: 
  m_EditorClassIdentifier: 
  outlineMode: 1
  outlineColor: {r: 0, g: 0.40784314, b: 1, a: 1}
  outlineWidth: 5
  precomputeOutline: 1
  bakeKeys:
  - {fileID: 5374957292585172772, guid: 2ed0911c00703cf48a227e40c3966d80, type: 3}
  - {fileID: -2145607973996147521, guid: 1b3c0a11dc9a9a44b80a095d2ca7aa14, type: 3}
  bakeValues:
  - data:
    - {x: 0.0065677953, y: 0.70884407, z: 0.70533466}
    - {x: -0.629133, y: 0.45721605, z: 0.6286057}
    - {x: -0.6892126, y: -0.09149141, z: 0.71875954}
    - {x: -0.05683208, y: 0.017199626, z: 0.9982356}
    - {x: 0.5078021, y: 0.700908, z: 0.5008642}
    - {x: 0.6430623, y: 0.094970785, z: 0.7599023}
    - {x: 0.717012, y: 0.69705725, z: 0.002202583}
    - {x: 0.9935394, y: 0.11336498, z: 0.0052882466}
    - {x: 0.51320636, y: 0.6987257, z: -0.49839908}
    - {x: 0.65093607, y: 0.09263396, z: -0.75345945}
    - {x: 0.015065716, y: 0.7061907, z: -0.7078614}
    - {x: -0.04690941, y: 0.013921096, z: -0.9988022}
    - {x: -0.48605764, y: 0.71409225, z: -0.50380576}
    - {x: -0.68121105, y: -0.093900554, z: -0.7260401}
    - {x: -0.696529, y: 0.7175132, z: -0.0047107125}
    - {x: -0.9846869, y: -0.17424786, z: -0.0054134266}
    - {x: -0.629133, y: 0.45721605, z: 0.6286057}
    - {x: -0.6892126, y: -0.09149141, z: 0.71875954}
    - {x: -0.7172086, y: -0.69685435, z: -0.002416714}
    - {x: -0.487257, y: -0.46816307, z: 0.7371594}
    - {x: -0.47944182, y: -0.47106758, z: -0.7404261}
    - {x: -0.2025998, y: -0.9792605, z: 0.0014671676}
    - {x: -0.11630711, y: -0.6809628, z: 0.7230231}
    - {x: -0.10882529, y: -0.6839955, z: -0.7213233}
    - {x: 0.01933921, y: -0.05485069, z: -0.9983073}
    - {x: -0.053983275, y: -0.059073433, z: -0.99679285}
    - {x: 0.11687609, y: 0.64204144, z: -0.7577089}
    - {x: 0.39136243, y: 0.3740023, z: -0.8408077}
    - {x: 0.14267011, y: 0.9897687, z: -0.0018001047}
    - {x: 0.7176971, y: 0.6963515, z: 0.0022968496}
    - {x: 0.10877033, y: 0.644833, z: 0.7565444}
    - {x: 0.382574, y: 0.37694073, z: 0.84353584}
    - {x: 0.6430623, y: 0.094970785, z: 0.7599023}
    - {x: 0.008634241, y: -0.051314726, z: 0.99864525}
    - {x: -0.064399265, y: -0.056114838, z: 0.9963452}
    - {x: -0.11630711, y: -0.6809628, z: 0.7230231}
    - {x: -0.05683208, y: 0.017199626, z: 0.9982356}
    - {x: -0.487257, y: -0.46816307, z: 0.7371594}
    - {x: -0.6892126, y: -0.09149141, z: 0.71875954}
    - {x: -0.01545813, y: -0.037832506, z: 0.9991645}
    - {x: -0.085216925, y: 0.6662137, z: 0.7408761}
    - {x: 0.10877033, y: 0.644833, z: 0.7565444}
    - {x: 0.008634241, y: -0.051314726, z: 0.99864525}
    - {x: 0.07926988, y: -0.6963984, z: 0.71326405}
    - {x: -0.11630711, y: -0.6809628, z: 0.7230231}
    - {x: 0.13947396, y: -0.9902201, z: 0.0033254053}
    - {x: -0.2025998, y: -0.9792605, z: 0.0014671676}
    - {x: 0.08689543, y: -0.6995405, z: -0.70928997}
    - {x: -0.10882529, y: -0.6839955, z: -0.7213233}
    - {x: -0.004828654, y: -0.041029837, z: -0.9991463}
    - {x: 0.01933921, y: -0.05485069, z: -0.9983073}
    - {x: -0.07723379, y: 0.66331255, z: -0.74434626}
    - {x: 0.11687609, y: 0.64204144, z: -0.7577089}
    - {x: -0.10487727, y: 0.9944797, z: -0.0033021776}
    - {x: 0.14267011, y: 0.9897687, z: -0.0018001047}
    - {x: -0.085216925, y: 0.6662137, z: 0.7408761}
    - {x: 0.10877033, y: 0.644833, z: 0.7565444}
    - {x: -0.8970839, y: 0.44183528, z: -0.00468999}
    - {x: -0.60483885, y: 0.3118208, z: 0.73276037}
    - {x: -0.63641, y: 0.3253064, z: 0.6993984}
    - {x: -0.87787455, y: 0.47886497, z: -0.004965572}
    - {x: -0.59739447, y: 0.30921128, z: -0.739938}
    - {x: -0.629275, y: 0.32320592, z: -0.7067892}
    - {x: 0.05260906, y: -0.005379656, z: -0.9986007}
    - {x: -0.041770052, y: 0.0017722698, z: -0.99912566}
    - {x: 0.6361494, y: -0.32554078, z: -0.6995264}
    - {x: 0.6050423, y: -0.31154346, z: -0.7327104}
    - {x: 0.8775823, y: -0.4793909, z: 0.005807271}
    - {x: 0.8972327, y: -0.44152516, z: 0.005394919}
    - {x: 0.6287611, y: -0.32305107, z: 0.70731705}
    - {x: 0.5969823, y: -0.30914733, z: 0.7402973}
    - {x: 0.042124767, y: -0.0019212582, z: 0.9991105}
    - {x: -0.05294648, y: 0.0054890406, z: 0.99858224}
    - {x: -0.60483885, y: 0.3118208, z: 0.73276037}
    - {x: -0.63641, y: 0.3253064, z: 0.6993984}
    - {x: 0.21466756, y: -0.690528, z: 0.69071627}
    - {x: 0.6935113, y: -0.5118891, z: 0.5069631}
    - {x: 0.6995712, y: -0.009084383, z: 0.71450514}
    - {x: 0.22299388, y: -0.0016465598, z: 0.9748184}
    - {x: 0.009466103, y: -0.7057908, z: 0.7083571}
    - {x: 0.707829, y: 0.4932849, z: 0.50561666}
    - {x: 0.018200077, y: 0.0015258064, z: 0.9998332}
    - {x: -0.07031786, y: -0.70355904, z: 0.70714927}
    - {x: 0.23443393, y: 0.6861826, z: 0.68861765}
    - {x: 0.71384287, y: 0.70030123, z: 0.002559502}
    - {x: -0.06159927, y: 0.0028568928, z: 0.9980969}
    - {x: 0.17686433, y: -0.69523954, z: 0.6966786}
    - {x: 0.18550195, y: -0.00056931644, z: 0.9826437}
    - {x: 0.24232572, y: 0.97019494, z: -0.0001891818}
    - {x: 0.7132755, y: 0.49147204, z: -0.49969319}
    - {x: 0.03004077, y: 0.7077118, z: 0.7058623}
    - {x: -0.04978358, y: 0.70798564, z: 0.70447}
    - {x: 0.19713977, y: 0.6926133, z: 0.6938463}
    - {x: 0.24184246, y: 0.6839574, z: -0.6882691}
    - {x: 0.70694864, y: -0.01137832, z: -0.7071734}
    - {x: 0.038046923, y: 0.99927515, z: -0.0012786877}
    - {x: -0.041783374, y: 0.9991253, z: -0.0016852164}
    - {x: 0.20494385, y: 0.9787736, z: -0.00045661838}
    - {x: 0.23309582, y: -0.0049796836, z: -0.972441}
    - {x: 0.6985112, y: -0.513899, z: -0.49798593}
    - {x: 0.037499547, y: 0.7054569, z: -0.70776016}
    - {x: -0.042304307, y: 0.705779, z: -0.7071678}
    - {x: 0.20429447, y: 0.6904269, z: -0.69395566}
    - {x: 0.22162947, y: -0.6928371, z: -0.68619037}
    - {x: 0.69287825, y: -0.721038, z: 0.0049049705}
    - {x: 0.028760748, y: -0.0017541777, z: -0.99958485}
    - {x: -0.05104373, y: -0.00042145152, z: -0.9986964}
    - {x: 0.19575913, y: -0.0036807784, z: -0.9806451}
    - {x: 0.21392009, y: -0.9768471, z: 0.0028180913}
    - {x: 0.6935113, y: -0.5118891, z: 0.5069631}
    - {x: 0.21466756, y: -0.690528, z: 0.69071627}
    - {x: 0.016985781, y: -0.7081794, z: -0.70582813}
    - {x: -0.0628463, y: -0.7059416, z: -0.7054762}
    - {x: 0.18414691, y: -0.69750047, z: -0.6925193}
    - {x: 0.008979983, y: -0.99995816, z: 0.001770585}
    - {x: 0.009466103, y: -0.7057908, z: 0.7083571}
    - {x: -0.0708902, y: -0.9974832, z: 0.0014034624}
    - {x: 0.17624867, y: -0.98434216, z: 0.0026266237}
    - {x: -0.07031786, y: -0.70355904, z: 0.70714927}
    - {x: 0.17686433, y: -0.69523954, z: 0.6966786}
    - {x: 0.1441203, y: -0.6989134, z: 0.7005351}
    - {x: 0.17686433, y: -0.69523954, z: 0.6966786}
    - {x: 0.18550195, y: -0.00056931644, z: 0.9826437}
    - {x: 0.15274066, y: -0.00001472591, z: 0.9882663}
    - {x: 0.19713977, y: 0.6926133, z: 0.6938463}
    - {x: 0.16443692, y: 0.69727, z: 0.6976927}
    - {x: 0.20494385, y: 0.9787736, z: -0.00045661838}
    - {x: 0.17234232, y: 0.98503685, z: -0.00075839076}
    - {x: 0.20429447, y: 0.6904269, z: -0.69395566}
    - {x: 0.17170942, y: 0.694888, z: -0.69831693}
    - {x: 0.19575913, y: -0.0036807784, z: -0.9806451}
    - {x: 0.16302608, y: -0.0032429534, z: -0.98661643}
    - {x: 0.18414691, y: -0.69750047, z: -0.6925193}
    - {x: 0.1513772, y: -0.70111704, z: -0.69679254}
    - {x: 0.17624867, y: -0.98434216, z: 0.0026266237}
    - {x: 0.1435506, y: -0.9896402, z: 0.0023522372}
    - {x: 0.17686433, y: -0.69523954, z: 0.6966786}
    - {x: 0.1441203, y: -0.6989134, z: 0.7005351}
    - {x: -0.49439195, y: -0.610912, z: 0.6183551}
    - {x: 0.1441203, y: -0.6989134, z: 0.7005351}
    - {x: 0.15274066, y: -0.00001472591, z: 0.9882663}
    - {x: -0.63670236, y: 0.0109338695, z: 0.77103215}
    - {x: 0.16443692, y: 0.69727, z: 0.6976927}
    - {x: -0.6277004, y: 0.5575629, z: 0.5432457}
    - {x: 0.17234232, y: 0.98503685, z: -0.00075839076}
    - {x: -0.6217072, y: 0.78323656, z: -0.0045357165}
    - {x: 0.17170942, y: 0.694888, z: -0.69831693}
    - {x: -0.6219274, y: 0.5558436, z: -0.55158335}
    - {x: 0.16302608, y: -0.0032429534, z: -0.98661643}
    - {x: -0.6285199, y: 0.008353698, z: -0.77774864}
    - {x: 0.1513772, y: -0.70111704, z: -0.69679254}
    - {x: -0.637544, y: -0.5389412, z: -0.55052716}
    - {x: 0.1435506, y: -0.9896402, z: 0.0023522372}
    - {x: -0.6439491, y: -0.76506495, z: -0.0022645972}
    - {x: 0.1441203, y: -0.6989134, z: 0.7005351}
    - {x: -0.49439195, y: -0.610912, z: 0.6183551}
    - {x: 0.10525932, y: -0.9944424, z: -0.0022120103}
    - {x: 0.07765326, y: -0.667808, z: 0.74027187}
    - {x: 0.33952785, y: -0.4992944, z: 0.7971361}
    - {x: 0.56771034, y: -0.82322013, z: 0.003688644}
    - {x: 0.5969823, y: -0.30914733, z: 0.7402973}
    - {x: 0.08688905, y: -0.6600234, z: -0.7462033}
    - {x: 0.8972327, y: -0.44152516, z: 0.005394919}
    - {x: 0.3481669, y: -0.5016889, z: -0.7918889}
    - {x: 0.016846592, y: 0.03712098, z: -0.99916875}
    - {x: 0.6050423, y: -0.31154346, z: -0.7327104}
    - {x: -0.03553198, y: 0.05522796, z: -0.99784136}
    - {x: -0.07814229, y: 0.68950355, z: -0.7200546}
    - {x: -0.041770052, y: 0.0017722698, z: -0.99912566}
    - {x: -0.39266828, y: 0.5755659, z: -0.7173113}
    - {x: -0.13912193, y: 0.99026805, z: -0.0037901218}
    - {x: -0.629275, y: 0.32320592, z: -0.7067892}
    - {x: -0.56385875, y: 0.82585907, z: -0.0044908673}
    - {x: -0.08569611, y: 0.69747555, z: 0.7114662}
    - {x: -0.87787455, y: 0.47886497, z: -0.004965572}
    - {x: -0.40015543, y: 0.5781844, z: 0.71104026}
    - {x: 0.0052705286, y: 0.048201766, z: 0.9988237}
    - {x: -0.63641, y: 0.3253064, z: 0.6993984}
    - {x: -0.04638579, y: 0.05877191, z: 0.99719316}
    - {x: 0.07765326, y: -0.667808, z: 0.74027187}
    - {x: -0.05294648, y: 0.0054890406, z: 0.99858224}
    - {x: 0.33952785, y: -0.4992944, z: 0.7971361}
    - {x: 0.5969823, y: -0.30914733, z: 0.7402973}
    - {x: 0.07926988, y: -0.6963984, z: 0.71326405}
    - {x: 0.13947396, y: -0.9902201, z: 0.0033254053}
    - {x: 0.56396407, y: -0.825783, z: 0.005193987}
    - {x: 0.39246866, y: -0.5750213, z: 0.7178571}
    - {x: 0.8775823, y: -0.4793909, z: 0.005807271}
    - {x: -0.01545813, y: -0.037832506, z: 0.9991645}
    - {x: 0.6287611, y: -0.32305107, z: 0.70731705}
    - {x: 0.035586942, y: -0.055022527, z: 0.9978508}
    - {x: -0.085216925, y: 0.6662137, z: 0.7408761}
    - {x: 0.042124767, y: -0.0019212582, z: 0.9991105}
    - {x: -0.3479312, y: 0.5019635, z: 0.79181856}
    - {x: -0.10487727, y: 0.9944797, z: -0.0033021776}
    - {x: -0.60483885, y: 0.3118208, z: 0.73276037}
    - {x: -0.56762826, y: 0.8232715, z: -0.0047070486}
    - {x: -0.07723379, y: 0.66331255, z: -0.74434626}
    - {x: -0.8970839, y: 0.44183528, z: -0.00468999}
    - {x: -0.3393658, y: 0.49883094, z: -0.7974951}
    - {x: -0.004828654, y: -0.041029837, z: -0.9991463}
    - {x: -0.59739447, y: 0.30921128, z: -0.739938}
    - {x: 0.04607264, y: -0.05838489, z: -0.99723035}
    - {x: 0.08689543, y: -0.6995405, z: -0.70928997}
    - {x: 0.05260906, y: -0.005379656, z: -0.9986007}
    - {x: 0.40013176, y: -0.57795286, z: -0.711242}
    - {x: 0.13947396, y: -0.9902201, z: 0.0033254053}
    - {x: 0.6361494, y: -0.32554078, z: -0.6995264}
    - {x: 0.56396407, y: -0.825783, z: 0.005193987}
    - {x: 0.8775823, y: -0.4793909, z: 0.005807271}
    - {x: -0.45573154, y: -0.64245576, z: 0.6160838}
    - {x: 0.07765326, y: -0.667808, z: 0.74027187}
    - {x: 0.10525932, y: -0.9944424, z: -0.0022120103}
    - {x: -0.71034026, y: -0.7038102, z: -0.008236284}
    - {x: -0.70667535, y: -0.47836483, z: -0.5213224}
    - {x: 0.08688905, y: -0.6600234, z: -0.7462033}
    - {x: -0.6972345, y: 0.011581051, z: -0.7167495}
    - {x: 0.016846592, y: 0.03712098, z: -0.99916875}
    - {x: -0.6944391, y: 0.48297298, z: -0.53337735}
    - {x: -0.07814229, y: 0.68950355, z: -0.7200546}
    - {x: -0.6929988, y: 0.72093576, z: -0.0020596504}
    - {x: -0.13912193, y: 0.99026805, z: -0.0037901218}
    - {x: -0.08569611, y: 0.69747555, z: 0.7114662}
    - {x: -0.694629, y: 0.52040565, z: 0.49665728}
    - {x: 0.0052705286, y: 0.048201766, z: 0.9988237}
    - {x: -0.705856, y: 0.02060262, z: 0.7080556}
    - {x: 0.07765326, y: -0.667808, z: 0.74027187}
    - {x: -0.45573154, y: -0.64245576, z: 0.6160838}
    - {x: 0.0065677953, y: 0.70884407, z: 0.70533466}
    - {x: 0.014681211, y: 0.9998909, z: -0.0016278967}
    - {x: -0.629133, y: 0.45721605, z: 0.6286057}
    - {x: 0.5078021, y: 0.700908, z: 0.5008642}
    - {x: -0.696529, y: 0.7175132, z: -0.0047107125}
    - {x: 0.717012, y: 0.69705725, z: 0.002202583}
    - {x: -0.48605764, y: 0.71409225, z: -0.50380576}
    - {x: 0.51320636, y: 0.6987257, z: -0.49839908}
    - {x: 0.015065716, y: 0.7061907, z: -0.7078614}
    - {x: -0.49439195, y: -0.610912, z: 0.6183551}
    - {x: -0.63670236, y: 0.0109338695, z: 0.77103215}
    - {x: -0.98097754, y: 0.014070269, z: 0.19361067}
    - {x: -0.9830205, y: -0.12546006, z: 0.13390483}
    - {x: -0.9789598, y: 0.15411268, z: 0.13374265}
    - {x: -0.6439491, y: -0.76506495, z: -0.0022645972}
    - {x: -0.6277004, y: 0.5575629, z: 0.5432457}
    - {x: -0.9834401, y: -0.18117844, z: -0.004459434}
    - {x: -0.9773037, y: 0.21179236, z: -0.004633438}
    - {x: -0.637544, y: -0.5389412, z: -0.55052716}
    - {x: -0.6217072, y: 0.78323656, z: -0.0045357165}
    - {x: -0.98198694, y: -0.123162694, z: -0.143292}
    - {x: -0.9777377, y: 0.15165618, z: -0.1450147}
    - {x: -0.6285199, y: 0.008353698, z: -0.77774864}
    - {x: -0.6219274, y: 0.5558436, z: -0.55158335}
    - {x: -0.9800159, y: 0.013018006, z: -0.19849315}
    - {x: -0.9830205, y: -0.12546006, z: 0.13390483}
    - {x: -0.98097754, y: 0.014070269, z: 0.19361067}
    - {x: -0.45573154, y: -0.64245576, z: 0.6160838}
    - {x: -0.71034026, y: -0.7038102, z: -0.008236284}
    - {x: -0.705856, y: 0.02060262, z: 0.7080556}
    - {x: -0.9834401, y: -0.18117844, z: -0.004459434}
    - {x: -0.9789598, y: 0.15411268, z: 0.13374265}
    - {x: -0.70667535, y: -0.47836483, z: -0.5213224}
    - {x: -0.694629, y: 0.52040565, z: 0.49665728}
    - {x: -0.98198694, y: -0.123162694, z: -0.143292}
    - {x: -0.9773037, y: 0.21179236, z: -0.004633438}
    - {x: -0.6972345, y: 0.011581051, z: -0.7167495}
    - {x: -0.6929988, y: 0.72093576, z: -0.0020596504}
    - {x: -0.9800159, y: 0.013018006, z: -0.19849315}
    - {x: -0.9777377, y: 0.15165618, z: -0.1450147}
    - {x: -0.6944391, y: 0.48297298, z: -0.53337735}
    - {x: 0.9804882, y: -0.013950725, z: 0.19608271}
    - {x: 0.6995712, y: -0.009084383, z: 0.71450514}
    - {x: 0.6935113, y: -0.5118891, z: 0.5069631}
    - {x: 0.97868997, y: -0.14963461, z: 0.14062533}
    - {x: 0.69287825, y: -0.721038, z: 0.0049049705}
    - {x: 0.98266673, y: 0.12131984, z: 0.14016981}
    - {x: 0.707829, y: 0.4932849, z: 0.50561666}
    - {x: 0.97873324, y: -0.20505637, z: 0.005764778}
    - {x: 0.6985112, y: -0.513899, z: -0.49798593}
    - {x: 0.98017704, y: -0.15018438, z: -0.12921917}
    - {x: 0.70694864, y: -0.01137832, z: -0.7071734}
    - {x: 0.98254126, y: -0.0146900825, z: -0.18546404}
    - {x: 0.7132755, y: 0.49147204, z: -0.49969319}
    - {x: 0.9841743, y: 0.17713502, z: 0.0049024024}
    - {x: 0.71384287, y: 0.70030123, z: 0.002559502}
    - {x: 0.98404205, y: 0.12139533, z: -0.13009438}
  - data:
    - {x: -0.93017113, y: 0.15385199, z: 0.33333355}
    - {x: -0.7304046, y: 0.63008434, z: 0.26363406}
    - {x: -0.7761914, y: 0.63047516, z: -0.0052899704}
    - {x: -0.9880316, y: 0.15415409, z: -0.005476233}
    - {x: -0.9342224, y: -0.125765, z: 0.3337839}
    - {x: -0.7274128, y: 0.6294037, z: -0.27335256}
    - {x: -0.9920936, y: -0.12539943, z: -0.005029389}
    - {x: -0.74814063, y: -0.60810876, z: 0.26549813}
    - {x: -0.7942236, y: -0.60761696, z: -0.0032411204}
    - {x: -0.9265566, y: 0.15295774, z: -0.343652}
    - {x: -0.58980495, y: 0.62703913, z: -0.5088733}
    - {x: -0.9306341, y: -0.12680642, z: -0.34327888}
    - {x: -0.74533737, y: -0.60892063, z: -0.2714551}
    - {x: -0.7530413, y: 0.14975888, z: -0.6407035}
    - {x: -0.3798698, y: 0.62371993, z: -0.6831342}
    - {x: -0.7571122, y: -0.1298673, z: -0.6402465}
    - {x: -0.607706, y: -0.61139405, z: -0.50684386}
    - {x: -0.48839653, y: 0.14565656, z: -0.8603796}
    - {x: -0.12325625, y: 0.6199135, z: -0.77492917}
    - {x: -0.4925443, y: -0.13418633, z: -0.8598803}
    - {x: -0.3980003, y: -0.6146579, z: -0.68102235}
    - {x: -0.16474809, y: 0.1408135, z: -0.9762324}
    - {x: 0.14947811, y: 0.61579394, z: -0.7735981}
    - {x: -0.1687243, y: -0.13895051, z: -0.97582006}
    - {x: -0.14126743, y: -0.6185666, z: -0.77292883}
    - {x: 0.17905504, y: 0.1358233, z: -0.97441846}
    - {x: 0.40498725, y: 0.6123797, z: -0.67895246}
    - {x: 0.1749932, y: -0.14386882, z: -0.9740016}
    - {x: 0.1314292, y: -0.62235147, z: -0.771625}
    - {x: 0.5015734, y: 0.13135381, z: -0.855085}
    - {x: 0.6130983, y: 0.6095966, z: -0.5024963}
    - {x: 0.49747288, y: -0.14841487, z: -0.8546893}
    - {x: 0.3871168, y: -0.6261219, z: -0.6768397}
    - {x: 0.7637957, y: 0.12777735, z: -0.6326842}
    - {x: 0.74821377, y: 0.6079889, z: -0.2655667}
    - {x: 0.75970143, y: -0.15191793, z: -0.63227737}
    - {x: 0.5949318, y: -0.6289066, z: -0.50053245}
    - {x: 0.93412566, y: 0.12591103, z: -0.33399945}
    - {x: 0.7939752, y: 0.607942, z: 0.0031663645}
    - {x: 0.9300961, y: -0.15399781, z: -0.33347568}
    - {x: 0.73017746, y: -0.6303792, z: -0.26355827}
    - {x: 0.99205667, y: 0.1256928, z: 0.004991949}
    - {x: 0.7451297, y: 0.60914195, z: 0.2715286}
    - {x: 0.98799753, y: -0.15437229, z: 0.005476044}
    - {x: 0.7758326, y: -0.63091815, z: 0.0051036715}
    - {x: 0.93052816, y: 0.12703584, z: 0.34348106}
    - {x: 0.6077911, y: 0.6112557, z: 0.5069086}
    - {x: 0.9265276, y: -0.15280703, z: 0.34379718}
    - {x: 0.7273777, y: -0.6294378, z: 0.27336735}
    - {x: 0.75705284, y: 0.129938, z: 0.64030236}
    - {x: 0.39802855, y: 0.61471856, z: 0.68095106}
    - {x: 0.7529539, y: -0.14982341, z: 0.6407912}
    - {x: 0.58972186, y: -0.6270498, z: 0.50895643}
    - {x: 0.49256, y: 0.13410088, z: 0.8598846}
    - {x: 0.14139643, y: 0.618337, z: 0.7730889}
    - {x: 0.48840544, y: -0.14572816, z: 0.86036235}
    - {x: 0.37979516, y: -0.6239146, z: 0.682998}
    - {x: 0.1687395, y: 0.13895535, z: 0.9758168}
    - {x: -0.13128032, y: 0.62268054, z: 0.7713848}
    - {x: 0.16465919, y: -0.14074261, z: 0.9762575}
    - {x: 0.12317504, y: -0.62002885, z: 0.7748498}
    - {x: -0.17504731, y: 0.14402403, z: 0.973969}
    - {x: -0.3872193, y: 0.6260031, z: 0.67689097}
    - {x: -0.17910624, y: -0.13567074, z: 0.97443026}
    - {x: -0.14943834, y: -0.6160071, z: 0.7734361}
    - {x: -0.49747774, y: 0.14856532, z: 0.85466033}
    - {x: -0.59502643, y: 0.62873954, z: 0.50062984}
    - {x: -0.50156534, y: -0.13135171, z: 0.85508996}
    - {x: -0.4050753, y: -0.6123721, z: 0.6789068}
    - {x: -0.75976044, y: 0.15206385, z: 0.63217133}
    - {x: -0.7304046, y: 0.63008434, z: 0.26363406}
    - {x: -0.93017113, y: 0.15385199, z: 0.33333355}
    - {x: -0.7638382, y: -0.12777823, z: 0.6326326}
    - {x: -0.61306345, y: -0.60961753, z: 0.50251347}
    - {x: -0.9342224, y: -0.125765, z: 0.3337839}
    - {x: -0.74814063, y: -0.60810876, z: 0.26549813}
    - {x: 0.014509297, y: 0.99989355, z: -0.0015645454}
    - {x: 0.19251533, y: 0.97911626, z: -0.06533899}
    - {x: 0.16768649, y: 0.9773982, z: -0.12874031}
    - {x: 0.10950879, y: 0.9802331, z: -0.16477543}
    - {x: 0.21343243, y: 0.9769577, z: -0.00040976642}
    - {x: 0.049703017, y: 0.97904795, z: -0.19747101}
    - {x: 0.19157857, y: 0.97938627, z: 0.06403336}
    - {x: -0.017341137, y: 0.98205596, z: -0.18779092}
    - {x: 0.16613464, y: 0.97786516, z: 0.12719698}
    - {x: -0.08423263, y: 0.9809879, z: -0.1748358}
    - {x: 0.107862614, y: 0.98076564, z: 0.16267866}
    - {x: -0.12978968, y: 0.98377895, z: -0.123829186}
    - {x: 0.047795214, y: 0.97967154, z: 0.19483162}
    - {x: -0.17256063, y: 0.9824631, z: -0.07063363}
    - {x: -0.019464394, y: 0.9826446, z: 0.18447404}
    - {x: -0.17467092, y: 0.9846239, z: -0.0024213286}
    - {x: -0.08626063, y: 0.9815569, z: 0.17060268}
    - {x: -0.17323074, y: 0.9826839, z: 0.06575317}
    - {x: -0.1312072, y: 0.9841657, z: 0.11917428}
    - {x: -0.050791305, y: -0.9780539, z: 0.20206633}
    - {x: -0.11191083, y: -0.9793315, z: 0.16848093}
    - {x: -0.014490672, y: -0.99989367, z: 0.0016762989}
    - {x: 0.0183004, y: -0.9811622, z: 0.19231717}
    - {x: -0.1708789, y: -0.9764721, z: 0.13153987}
    - {x: 0.08674995, y: -0.9800928, z: 0.17858477}
    - {x: -0.19628756, y: -0.97827125, z: 0.06675789}
    - {x: 0.13321829, y: -0.9829693, z: 0.12658718}
    - {x: -0.21770345, y: -0.9760148, z: 0.0006332921}
    - {x: 0.17669165, y: -0.9816203, z: 0.07212208}
    - {x: -0.19584458, y: -0.9784405, z: -0.065567136}
    - {x: 0.17915688, y: -0.98381686, z: 0.002682324}
    - {x: -0.16986606, y: -0.9768043, z: -0.13037965}
    - {x: 0.17766951, y: -0.9818205, z: -0.06679837}
    - {x: -0.11023404, y: -0.9798498, z: -0.16656181}
    - {x: 0.13469186, y: -0.98335683, z: -0.12193237}
    - {x: -0.048559662, y: -0.9787184, z: -0.19937961}
    - {x: 0.08865209, y: -0.9806399, z: -0.17460336}
    - {x: 0.020274136, y: -0.9818009, z: -0.18882793}
    - {x: -0.031636015, y: 0.96787393, z: 0.24943747}
    - {x: 0.049703017, y: 0.97904795, z: -0.19747101}
    - {x: 0.10950879, y: 0.9802331, z: -0.16477543}
    - {x: -0.11473962, y: 0.96902823, z: 0.21867582}
    - {x: 0.16768649, y: 0.9773982, z: -0.12874031}
    - {x: 0.057145037, y: 0.9665483, z: 0.2500375}
    - {x: -0.017341137, y: 0.98205596, z: -0.18779092}
    - {x: -0.18207425, y: 0.9699202, z: 0.16156644}
    - {x: 0.19251533, y: 0.97911626, z: -0.06533899}
    - {x: 0.14050579, y: 0.9653627, z: 0.2198476}
    - {x: -0.08423263, y: 0.9809879, z: -0.1748358}
    - {x: -0.2258781, y: 0.9704972, z: 0.08434571}
    - {x: 0.21343243, y: 0.9769577, z: -0.00040976642}
    - {x: 0.20861463, y: 0.96424663, z: 0.1634272}
    - {x: -0.12978968, y: 0.98377895, z: -0.123829186}
    - {x: -0.2410967, y: 0.97049665, z: -0.002943157}
    - {x: 0.19157857, y: 0.97938627, z: 0.06403336}
    - {x: 0.2530995, y: 0.9635216, z: 0.08698665}
    - {x: -0.17256063, y: 0.9824631, z: -0.07063363}
    - {x: -0.2253356, y: 0.9701147, z: -0.090007566}
    - {x: 0.16613464, y: 0.97786516, z: 0.12719698}
    - {x: 0.26916146, y: 0.96309507, z: -0.00014901672}
    - {x: -0.17467092, y: 0.9846239, z: -0.0024213286}
    - {x: -0.18051507, y: 0.96935344, z: -0.16663788}
    - {x: 0.107862614, y: 0.98076564, z: 0.16267866}
    - {x: 0.25440308, y: 0.96314794, z: -0.08732183}
    - {x: -0.17323074, y: 0.9826839, z: 0.06575317}
    - {x: -0.11239259, y: 0.9682882, z: -0.22312728}
    - {x: 0.047795214, y: 0.97967154, z: 0.19483162}
    - {x: 0.2102513, y: 0.9637139, z: -0.16446838}
    - {x: -0.1312072, y: 0.9841657, z: 0.11917428}
    - {x: -0.028869174, y: 0.9670242, z: -0.25304294}
    - {x: -0.019464394, y: 0.9826446, z: 0.18447404}
    - {x: 0.14275473, y: 0.96456295, z: -0.22189939}
    - {x: -0.08626063, y: 0.9815569, z: 0.17060268}
    - {x: 0.059752308, y: 0.96572244, z: -0.25260624}
    - {x: 0.74821377, y: 0.6079889, z: -0.2655667}
    - {x: 0.6130983, y: 0.6095966, z: -0.5024963}
    - {x: 0.7939752, y: 0.607942, z: 0.0031663645}
    - {x: 0.40498725, y: 0.6123797, z: -0.67895246}
    - {x: 0.14947811, y: 0.61579394, z: -0.7735981}
    - {x: 0.7451297, y: 0.60914195, z: 0.2715286}
    - {x: -0.12325625, y: 0.6199135, z: -0.77492917}
    - {x: -0.3798698, y: 0.62371993, z: -0.6831342}
    - {x: 0.6077911, y: 0.6112557, z: 0.5069086}
    - {x: -0.58980495, y: 0.62703913, z: -0.5088733}
    - {x: 0.39802855, y: 0.61471856, z: 0.68095106}
    - {x: -0.7274128, y: 0.6294037, z: -0.27335256}
    - {x: 0.14139643, y: 0.618337, z: 0.7730889}
    - {x: -0.7761914, y: 0.63047516, z: -0.0052899704}
    - {x: -0.13128032, y: 0.62268054, z: 0.7713848}
    - {x: -0.7304046, y: 0.63008434, z: 0.26363406}
    - {x: -0.3872193, y: 0.6260031, z: 0.67689097}
    - {x: -0.59502643, y: 0.62873954, z: 0.50062984}
    - {x: -0.2101116, y: -0.96374565, z: 0.16446108}
    - {x: -0.61306345, y: -0.60961753, z: 0.50251347}
    - {x: -0.74814063, y: -0.60810876, z: 0.26549813}
    - {x: -0.25429356, y: -0.9631564, z: 0.08754612}
    - {x: -0.7942236, y: -0.60761696, z: -0.0032411204}
    - {x: -0.14274977, y: -0.9646041, z: 0.22172408}
    - {x: -0.4050753, y: -0.6123721, z: 0.6789068}
    - {x: -0.2692112, y: -0.9630811, z: 0.00014900303}
    - {x: -0.74533737, y: -0.60892063, z: -0.2714551}
    - {x: -0.05971594, y: -0.9658113, z: 0.25227472}
    - {x: -0.14943834, y: -0.6160071, z: 0.7734361}
    - {x: -0.25355262, y: -0.9633956, z: -0.087063245}
    - {x: -0.607706, y: -0.61139405, z: -0.50684386}
    - {x: 0.028815245, y: -0.96708953, z: 0.2527993}
    - {x: 0.12317504, y: -0.62002885, z: 0.7748498}
    - {x: -0.20862862, y: -0.96422523, z: -0.16353534}
    - {x: -0.3980003, y: -0.6146579, z: -0.68102235}
    - {x: 0.112095974, y: -0.9683691, z: 0.22292532}
    - {x: 0.37979516, y: -0.6239146, z: 0.682998}
    - {x: -0.14048314, y: -0.96531403, z: -0.22007535}
    - {x: -0.14126743, y: -0.6185666, z: -0.77292883}
    - {x: 0.18033244, y: -0.96942186, z: 0.16643779}
    - {x: 0.58972186, y: -0.6270498, z: 0.50895643}
    - {x: -0.057000507, y: -0.9666154, z: -0.24981141}
    - {x: 0.1314292, y: -0.62235147, z: -0.771625}
    - {x: 0.22508946, y: -0.97017205, z: 0.09000597}
    - {x: 0.7273777, y: -0.6294378, z: 0.27336735}
    - {x: 0.031533383, y: -0.96786815, z: -0.24947321}
    - {x: 0.3871168, y: -0.6261219, z: -0.6768397}
    - {x: 0.24097414, y: -0.9705272, z: 0.0029055472}
    - {x: 0.7758326, y: -0.63091815, z: 0.0051036715}
    - {x: 0.1145209, y: -0.9690689, z: -0.2186105}
    - {x: 0.5949318, y: -0.6289066, z: -0.50053245}
    - {x: 0.2260888, y: -0.9704422, z: -0.08441542}
    - {x: 0.73017746, y: -0.6303792, z: -0.26355827}
    - {x: 0.18234876, y: -0.9698942, z: -0.16141309}
    - {x: -0.16986606, y: -0.9768043, z: -0.13037965}
    - {x: -0.19584458, y: -0.9784405, z: -0.065567136}
    - {x: -0.11023404, y: -0.9798498, z: -0.16656181}
    - {x: -0.21770345, y: -0.9760148, z: 0.0006332921}
    - {x: -0.19628756, y: -0.97827125, z: 0.06675789}
    - {x: -0.048559662, y: -0.9787184, z: -0.19937961}
    - {x: -0.1708789, y: -0.9764721, z: 0.13153987}
    - {x: -0.11191083, y: -0.9793315, z: 0.16848093}
    - {x: 0.020274136, y: -0.9818009, z: -0.18882793}
    - {x: -0.050791305, y: -0.9780539, z: 0.20206633}
    - {x: 0.08865209, y: -0.9806399, z: -0.17460336}
    - {x: 0.0183004, y: -0.9811622, z: 0.19231717}
    - {x: 0.13469186, y: -0.98335683, z: -0.12193237}
    - {x: 0.08674995, y: -0.9800928, z: 0.17858477}
    - {x: 0.17766951, y: -0.9818205, z: -0.06679837}
    - {x: 0.13321829, y: -0.9829693, z: 0.12658718}
    - {x: 0.17915688, y: -0.98381686, z: 0.002682324}
    - {x: 0.17669165, y: -0.9816203, z: 0.07212208}
--- !u!114 &8448811327966881450
MonoBehaviour:
  m_ObjectHideFlags: 0
  m_CorrespondingSourceObject: {fileID: 0}
  m_PrefabInstance: {fileID: 0}
  m_PrefabAsset: {fileID: 0}
  m_GameObject: {fileID: 2093518299608964766}
  m_Enabled: 1
  m_EditorHideFlags: 0
  m_Script: {fileID: 11500000, guid: 90a6d9ff5f4e2544f9197f28c3288ac7, type: 3}
  m_Name: 
  m_EditorClassIdentifier: 
  outline: {fileID: 8696029663817203936}
  stateID: 10
--- !u!1 &2115091796425260764
GameObject:
  m_ObjectHideFlags: 0
  m_CorrespondingSourceObject: {fileID: 0}
  m_PrefabInstance: {fileID: 0}
  m_PrefabAsset: {fileID: 0}
  serializedVersion: 6
  m_Component:
  - component: {fileID: 921869819245494021}
  - component: {fileID: 3338363549022373693}
  - component: {fileID: 834311361620441187}
  - component: {fileID: 4355940460104653754}
  m_Layer: 0
  m_Name: roller_head
  m_TagString: RollerToolTrigger
  m_Icon: {fileID: 0}
  m_NavMeshLayer: 0
  m_StaticEditorFlags: 0
  m_IsActive: 1
--- !u!4 &921869819245494021
Transform:
  m_ObjectHideFlags: 0
  m_CorrespondingSourceObject: {fileID: 0}
  m_PrefabInstance: {fileID: 0}
  m_PrefabAsset: {fileID: 0}
  m_GameObject: {fileID: 2115091796425260764}
  m_LocalRotation: {x: -0.7071068, y: -0, z: -0, w: 0.7071068}
  m_LocalPosition: {x: 0, y: 0, z: 0}
  m_LocalScale: {x: 1, y: 1, z: 1}
  m_Children:
  - {fileID: 174323313906057808}
  - {fileID: 5648230014170459335}
  - {fileID: 6485676380883815672}
  - {fileID: 7399431995455794496}
  - {fileID: 1420801001511365101}
  - {fileID: 8136310064936454841}
  - {fileID: 3548778488142352326}
  - {fileID: 87680687779440714}
  - {fileID: 1112814350157844601}
  m_Father: {fileID: 4305895740933687864}
  m_RootOrder: 0
  m_LocalEulerAnglesHint: {x: 0, y: 0, z: 0}
--- !u!33 &3338363549022373693
MeshFilter:
  m_ObjectHideFlags: 0
  m_CorrespondingSourceObject: {fileID: 0}
  m_PrefabInstance: {fileID: 0}
  m_PrefabAsset: {fileID: 0}
  m_GameObject: {fileID: 2115091796425260764}
  m_Mesh: {fileID: -2145607973996147521, guid: 1b3c0a11dc9a9a44b80a095d2ca7aa14, type: 3}
--- !u!23 &834311361620441187
MeshRenderer:
  m_ObjectHideFlags: 0
  m_CorrespondingSourceObject: {fileID: 0}
  m_PrefabInstance: {fileID: 0}
  m_PrefabAsset: {fileID: 0}
  m_GameObject: {fileID: 2115091796425260764}
  m_Enabled: 1
  m_CastShadows: 1
  m_ReceiveShadows: 1
  m_DynamicOccludee: 1
  m_MotionVectors: 1
  m_LightProbeUsage: 1
  m_ReflectionProbeUsage: 1
  m_RayTracingMode: 2
  m_RayTraceProcedural: 0
  m_RenderingLayerMask: 1
  m_RendererPriority: 0
  m_Materials:
  - {fileID: 2100000, guid: 441a1b7268e90884fbb17e76f4b5d403, type: 2}
  m_StaticBatchInfo:
    firstSubMesh: 0
    subMeshCount: 0
  m_StaticBatchRoot: {fileID: 0}
  m_ProbeAnchor: {fileID: 0}
  m_LightProbeVolumeOverride: {fileID: 0}
  m_ScaleInLightmap: 1
  m_ReceiveGI: 1
  m_PreserveUVs: 0
  m_IgnoreNormalsForChartDetection: 0
  m_ImportantGI: 0
  m_StitchLightmapSeams: 1
  m_SelectedEditorRenderState: 3
  m_MinimumChartSize: 4
  m_AutoUVMaxDistance: 0.5
  m_AutoUVMaxAngle: 89
  m_LightmapParameters: {fileID: 0}
  m_SortingLayerID: 0
  m_SortingLayer: 0
  m_SortingOrder: 0
  m_AdditionalVertexStreams: {fileID: 0}
--- !u!136 &4355940460104653754
CapsuleCollider:
  m_ObjectHideFlags: 0
  m_CorrespondingSourceObject: {fileID: 0}
  m_PrefabInstance: {fileID: 0}
  m_PrefabAsset: {fileID: 0}
  m_GameObject: {fileID: 2115091796425260764}
  m_Material: {fileID: 0}
  m_IsTrigger: 0
  m_Enabled: 1
  m_Radius: 0.035
  m_Height: 0.225
  m_Direction: 1
  m_Center: {x: -0.000000117346644, y: -0.000000059604645, z: -0.000000057742}
--- !u!1 &2389264111266038001
GameObject:
  m_ObjectHideFlags: 0
  m_CorrespondingSourceObject: {fileID: 0}
  m_PrefabInstance: {fileID: 0}
  m_PrefabAsset: {fileID: 0}
  serializedVersion: 6
  m_Component:
  - component: {fileID: 1420801001511365101}
  - component: {fileID: 5524037872799600577}
  - component: {fileID: 5766870937155081405}
  - component: {fileID: 5106307928970445104}
  m_Layer: 0
  m_Name: Trigger Painter (5)
  m_TagString: Untagged
  m_Icon: {fileID: 0}
  m_NavMeshLayer: 0
  m_StaticEditorFlags: 0
  m_IsActive: 1
--- !u!4 &1420801001511365101
Transform:
  m_ObjectHideFlags: 0
  m_CorrespondingSourceObject: {fileID: 0}
  m_PrefabInstance: {fileID: 0}
  m_PrefabAsset: {fileID: 0}
  m_GameObject: {fileID: 2389264111266038001}
  m_LocalRotation: {x: 0, y: 0, z: 0, w: 1}
  m_LocalPosition: {x: -0.007, y: 0.0717, z: -0.015}
  m_LocalScale: {x: 1, y: 1, z: 1}
  m_Children: []
  m_Father: {fileID: 921869819245494021}
  m_RootOrder: 4
  m_LocalEulerAnglesHint: {x: 0, y: 0, z: 0}
--- !u!114 &5524037872799600577
MonoBehaviour:
  m_ObjectHideFlags: 0
  m_CorrespondingSourceObject: {fileID: 0}
  m_PrefabInstance: {fileID: 0}
  m_PrefabAsset: {fileID: 0}
  m_GameObject: {fileID: 2389264111266038001}
  m_Enabled: 1
  m_EditorHideFlags: 0
  m_Script: {fileID: 11500000, guid: 2be8a48416f841d4fac024c4f1994147, type: 3}
  m_Name: 
  m_EditorClassIdentifier: 
  interactionTag: Paintable
  paintColor: {r: 1, g: 0, b: 0, a: 1}
  radius: 0.038
  strength: 1
  hardness: 1
--- !u!135 &5766870937155081405
SphereCollider:
  m_ObjectHideFlags: 0
  m_CorrespondingSourceObject: {fileID: 0}
  m_PrefabInstance: {fileID: 0}
  m_PrefabAsset: {fileID: 0}
  m_GameObject: {fileID: 2389264111266038001}
  m_Material: {fileID: 0}
  m_IsTrigger: 1
  m_Enabled: 1
  serializedVersion: 2
  m_Radius: 0.038
  m_Center: {x: 0, y: 0, z: 0}
--- !u!54 &5106307928970445104
Rigidbody:
  m_ObjectHideFlags: 0
  m_CorrespondingSourceObject: {fileID: 0}
  m_PrefabInstance: {fileID: 0}
  m_PrefabAsset: {fileID: 0}
  m_GameObject: {fileID: 2389264111266038001}
  serializedVersion: 2
  m_Mass: 1
  m_Drag: 0
  m_AngularDrag: 0.05
  m_UseGravity: 1
  m_IsKinematic: 1
  m_Interpolate: 0
  m_Constraints: 0
  m_CollisionDetection: 0
--- !u!1 &3211377693432291563
GameObject:
  m_ObjectHideFlags: 0
  m_CorrespondingSourceObject: {fileID: 0}
  m_PrefabInstance: {fileID: 0}
  m_PrefabAsset: {fileID: 0}
  serializedVersion: 6
  m_Component:
  - component: {fileID: 8136310064936454841}
  - component: {fileID: 5051810608361529515}
  - component: {fileID: 3526773027892618503}
  - component: {fileID: 1305080741341435393}
  m_Layer: 0
  m_Name: Trigger Painter (6)
  m_TagString: Untagged
  m_Icon: {fileID: 0}
  m_NavMeshLayer: 0
  m_StaticEditorFlags: 0
  m_IsActive: 1
--- !u!4 &8136310064936454841
Transform:
  m_ObjectHideFlags: 0
  m_CorrespondingSourceObject: {fileID: 0}
  m_PrefabInstance: {fileID: 0}
  m_PrefabAsset: {fileID: 0}
  m_GameObject: {fileID: 3211377693432291563}
  m_LocalRotation: {x: 0, y: 0, z: 0, w: 1}
  m_LocalPosition: {x: -0.007, y: 0.0542, z: -0.015}
  m_LocalScale: {x: 1, y: 1, z: 1}
  m_Children: []
  m_Father: {fileID: 921869819245494021}
  m_RootOrder: 5
  m_LocalEulerAnglesHint: {x: 0, y: 0, z: 0}
--- !u!114 &5051810608361529515
MonoBehaviour:
  m_ObjectHideFlags: 0
  m_CorrespondingSourceObject: {fileID: 0}
  m_PrefabInstance: {fileID: 0}
  m_PrefabAsset: {fileID: 0}
  m_GameObject: {fileID: 3211377693432291563}
  m_Enabled: 1
  m_EditorHideFlags: 0
  m_Script: {fileID: 11500000, guid: 2be8a48416f841d4fac024c4f1994147, type: 3}
  m_Name: 
  m_EditorClassIdentifier: 
  interactionTag: Paintable
  paintColor: {r: 1, g: 0, b: 0, a: 1}
  radius: 0.038
  strength: 1
  hardness: 1
--- !u!135 &3526773027892618503
SphereCollider:
  m_ObjectHideFlags: 0
  m_CorrespondingSourceObject: {fileID: 0}
  m_PrefabInstance: {fileID: 0}
  m_PrefabAsset: {fileID: 0}
  m_GameObject: {fileID: 3211377693432291563}
  m_Material: {fileID: 0}
  m_IsTrigger: 1
  m_Enabled: 1
  serializedVersion: 2
  m_Radius: 0.038
  m_Center: {x: 0, y: 0, z: 0}
--- !u!54 &1305080741341435393
Rigidbody:
  m_ObjectHideFlags: 0
  m_CorrespondingSourceObject: {fileID: 0}
  m_PrefabInstance: {fileID: 0}
  m_PrefabAsset: {fileID: 0}
  m_GameObject: {fileID: 3211377693432291563}
  serializedVersion: 2
  m_Mass: 1
  m_Drag: 0
  m_AngularDrag: 0.05
  m_UseGravity: 1
  m_IsKinematic: 1
  m_Interpolate: 0
  m_Constraints: 0
  m_CollisionDetection: 0
--- !u!1 &3320893295610126369
GameObject:
  m_ObjectHideFlags: 0
  m_CorrespondingSourceObject: {fileID: 0}
  m_PrefabInstance: {fileID: 0}
  m_PrefabAsset: {fileID: 0}
  serializedVersion: 6
  m_Component:
  - component: {fileID: 6128277423669795124}
  m_Layer: 0
  m_Name: Stickpoint
  m_TagString: Untagged
  m_Icon: {fileID: 0}
  m_NavMeshLayer: 0
  m_StaticEditorFlags: 0
  m_IsActive: 1
--- !u!4 &6128277423669795124
Transform:
  m_ObjectHideFlags: 0
  m_CorrespondingSourceObject: {fileID: 0}
  m_PrefabInstance: {fileID: 0}
  m_PrefabAsset: {fileID: 0}
  m_GameObject: {fileID: 3320893295610126369}
  m_LocalRotation: {x: -0.23109773, y: -0.66827667, z: -0.23109747, w: 0.66827697}
  m_LocalPosition: {x: -0.2329, y: -0.0238, z: -0.0006}
  m_LocalScale: {x: 1, y: 1, z: 1}
  m_Children: []
  m_Father: {fileID: 4050455500259216592}
  m_RootOrder: 2
  m_LocalEulerAnglesHint: {x: -38.152, y: -90, z: 0}
--- !u!1 &5141380356622119018
GameObject:
  m_ObjectHideFlags: 0
  m_CorrespondingSourceObject: {fileID: 0}
  m_PrefabInstance: {fileID: 0}
  m_PrefabAsset: {fileID: 0}
  serializedVersion: 6
  m_Component:
  - component: {fileID: 4305895740933687864}
  m_Layer: 0
  m_Name: View
  m_TagString: Untagged
  m_Icon: {fileID: 0}
  m_NavMeshLayer: 0
  m_StaticEditorFlags: 0
  m_IsActive: 1
--- !u!4 &4305895740933687864
Transform:
  m_ObjectHideFlags: 0
  m_CorrespondingSourceObject: {fileID: 0}
  m_PrefabInstance: {fileID: 0}
  m_PrefabAsset: {fileID: 0}
  m_GameObject: {fileID: 5141380356622119018}
  m_LocalRotation: {x: -0, y: -0, z: -0, w: 1}
  m_LocalPosition: {x: -0.211, y: 0, z: 0}
  m_LocalScale: {x: 1, y: 1, z: 1}
  m_Children:
  - {fileID: 921869819245494021}
  m_Father: {fileID: 4050455500259216592}
  m_RootOrder: 1
  m_LocalEulerAnglesHint: {x: 0, y: 0, z: 0}
--- !u!1 &6044443513303224710
GameObject:
  m_ObjectHideFlags: 0
  m_CorrespondingSourceObject: {fileID: 0}
  m_PrefabInstance: {fileID: 0}
  m_PrefabAsset: {fileID: 0}
  serializedVersion: 6
  m_Component:
  - component: {fileID: 6388916775679560508}
  - component: {fileID: 8000123983572042905}
  - component: {fileID: 5251990091872989267}
  - component: {fileID: 7764737502007263570}
  m_Layer: 0
  m_Name: Handle
  m_TagString: Untagged
  m_Icon: {fileID: 0}
  m_NavMeshLayer: 0
  m_StaticEditorFlags: 0
  m_IsActive: 1
--- !u!4 &6388916775679560508
Transform:
  m_ObjectHideFlags: 0
  m_CorrespondingSourceObject: {fileID: 0}
  m_PrefabInstance: {fileID: 0}
  m_PrefabAsset: {fileID: 0}
  m_GameObject: {fileID: 6044443513303224710}
  m_LocalRotation: {x: -0.7071068, y: -0, z: -0, w: 0.7071068}
  m_LocalPosition: {x: 0, y: 0, z: 0}
  m_LocalScale: {x: 1, y: 1, z: 1}
  m_Children: []
  m_Father: {fileID: 4050455500259216592}
  m_RootOrder: 0
  m_LocalEulerAnglesHint: {x: 0, y: 0, z: 0}
--- !u!33 &8000123983572042905
MeshFilter:
  m_ObjectHideFlags: 0
  m_CorrespondingSourceObject: {fileID: 0}
  m_PrefabInstance: {fileID: 0}
  m_PrefabAsset: {fileID: 0}
  m_GameObject: {fileID: 6044443513303224710}
  m_Mesh: {fileID: 5374957292585172772, guid: 2ed0911c00703cf48a227e40c3966d80, type: 3}
--- !u!23 &5251990091872989267
MeshRenderer:
  m_ObjectHideFlags: 0
  m_CorrespondingSourceObject: {fileID: 0}
  m_PrefabInstance: {fileID: 0}
  m_PrefabAsset: {fileID: 0}
  m_GameObject: {fileID: 6044443513303224710}
  m_Enabled: 1
  m_CastShadows: 1
  m_ReceiveShadows: 1
  m_DynamicOccludee: 1
  m_MotionVectors: 1
  m_LightProbeUsage: 1
  m_ReflectionProbeUsage: 1
  m_RayTracingMode: 2
  m_RayTraceProcedural: 0
  m_RenderingLayerMask: 1
  m_RendererPriority: 0
  m_Materials:
  - {fileID: 2100000, guid: 441a1b7268e90884fbb17e76f4b5d403, type: 2}
  m_StaticBatchInfo:
    firstSubMesh: 0
    subMeshCount: 0
  m_StaticBatchRoot: {fileID: 0}
  m_ProbeAnchor: {fileID: 0}
  m_LightProbeVolumeOverride: {fileID: 0}
  m_ScaleInLightmap: 1
  m_ReceiveGI: 1
  m_PreserveUVs: 0
  m_IgnoreNormalsForChartDetection: 0
  m_ImportantGI: 0
  m_StitchLightmapSeams: 1
  m_SelectedEditorRenderState: 3
  m_MinimumChartSize: 4
  m_AutoUVMaxDistance: 0.5
  m_AutoUVMaxAngle: 89
  m_LightmapParameters: {fileID: 0}
  m_SortingLayerID: 0
  m_SortingLayer: 0
  m_SortingOrder: 0
  m_AdditionalVertexStreams: {fileID: 0}
--- !u!64 &7764737502007263570
MeshCollider:
  m_ObjectHideFlags: 0
  m_CorrespondingSourceObject: {fileID: 0}
  m_PrefabInstance: {fileID: 0}
  m_PrefabAsset: {fileID: 0}
  m_GameObject: {fileID: 6044443513303224710}
  m_Material: {fileID: 0}
  m_IsTrigger: 0
  m_Enabled: 1
  serializedVersion: 4
  m_Convex: 1
  m_CookingOptions: 30
  m_Mesh: {fileID: 5374957292585172772, guid: 2ed0911c00703cf48a227e40c3966d80, type: 3}
--- !u!1 &6741971091308335962
GameObject:
  m_ObjectHideFlags: 0
  m_CorrespondingSourceObject: {fileID: 0}
  m_PrefabInstance: {fileID: 0}
  m_PrefabAsset: {fileID: 0}
  serializedVersion: 6
  m_Component:
  - component: {fileID: 5648230014170459335}
  - component: {fileID: 7731580068543979819}
  - component: {fileID: 643839426682291970}
  - component: {fileID: 4010957602210940528}
  m_Layer: 0
  m_Name: Trigger Painter (2)
  m_TagString: Untagged
  m_Icon: {fileID: 0}
  m_NavMeshLayer: 0
  m_StaticEditorFlags: 0
  m_IsActive: 1
--- !u!4 &5648230014170459335
Transform:
  m_ObjectHideFlags: 0
  m_CorrespondingSourceObject: {fileID: 0}
  m_PrefabInstance: {fileID: 0}
  m_PrefabAsset: {fileID: 0}
  m_GameObject: {fileID: 6741971091308335962}
  m_LocalRotation: {x: 0, y: 0, z: 0, w: 1}
  m_LocalPosition: {x: -0.007, y: -0.035, z: -0.015}
  m_LocalScale: {x: 1, y: 1, z: 1}
  m_Children: []
  m_Father: {fileID: 921869819245494021}
  m_RootOrder: 1
  m_LocalEulerAnglesHint: {x: 0, y: 0, z: 0}
--- !u!114 &7731580068543979819
MonoBehaviour:
  m_ObjectHideFlags: 0
  m_CorrespondingSourceObject: {fileID: 0}
  m_PrefabInstance: {fileID: 0}
  m_PrefabAsset: {fileID: 0}
  m_GameObject: {fileID: 6741971091308335962}
  m_Enabled: 1
  m_EditorHideFlags: 0
  m_Script: {fileID: 11500000, guid: 2be8a48416f841d4fac024c4f1994147, type: 3}
  m_Name: 
  m_EditorClassIdentifier: 
  interactionTag: Paintable
  paintColor: {r: 1, g: 0, b: 0, a: 1}
  radius: 0.038
  strength: 1
  hardness: 1
--- !u!135 &643839426682291970
SphereCollider:
  m_ObjectHideFlags: 0
  m_CorrespondingSourceObject: {fileID: 0}
  m_PrefabInstance: {fileID: 0}
  m_PrefabAsset: {fileID: 0}
  m_GameObject: {fileID: 6741971091308335962}
  m_Material: {fileID: 0}
  m_IsTrigger: 1
  m_Enabled: 1
  serializedVersion: 2
  m_Radius: 0.038
  m_Center: {x: 0, y: 0, z: 0}
--- !u!54 &4010957602210940528
Rigidbody:
  m_ObjectHideFlags: 0
  m_CorrespondingSourceObject: {fileID: 0}
  m_PrefabInstance: {fileID: 0}
  m_PrefabAsset: {fileID: 0}
  m_GameObject: {fileID: 6741971091308335962}
  serializedVersion: 2
  m_Mass: 1
  m_Drag: 0
  m_AngularDrag: 0.05
  m_UseGravity: 1
  m_IsKinematic: 1
  m_Interpolate: 0
  m_Constraints: 0
  m_CollisionDetection: 0
--- !u!1 &7838095575759250622
GameObject:
  m_ObjectHideFlags: 0
  m_CorrespondingSourceObject: {fileID: 0}
  m_PrefabInstance: {fileID: 0}
  m_PrefabAsset: {fileID: 0}
  serializedVersion: 6
  m_Component:
  - component: {fileID: 174323313906057808}
  - component: {fileID: 4178761773157152548}
  - component: {fileID: 766136540855712793}
  - component: {fileID: 7279664010275574751}
  m_Layer: 0
  m_Name: Trigger Painter (1)
  m_TagString: Untagged
  m_Icon: {fileID: 0}
  m_NavMeshLayer: 0
  m_StaticEditorFlags: 0
  m_IsActive: 1
--- !u!4 &174323313906057808
Transform:
  m_ObjectHideFlags: 0
  m_CorrespondingSourceObject: {fileID: 0}
  m_PrefabInstance: {fileID: 0}
  m_PrefabAsset: {fileID: 0}
  m_GameObject: {fileID: 7838095575759250622}
  m_LocalRotation: {x: 0, y: 0, z: 0, w: 1}
  m_LocalPosition: {x: -0.007, y: -0.0175, z: -0.015}
  m_LocalScale: {x: 1, y: 1, z: 1}
  m_Children: []
  m_Father: {fileID: 921869819245494021}
  m_RootOrder: 0
  m_LocalEulerAnglesHint: {x: 0, y: 0, z: 0}
--- !u!114 &4178761773157152548
MonoBehaviour:
  m_ObjectHideFlags: 0
  m_CorrespondingSourceObject: {fileID: 0}
  m_PrefabInstance: {fileID: 0}
  m_PrefabAsset: {fileID: 0}
  m_GameObject: {fileID: 7838095575759250622}
  m_Enabled: 1
  m_EditorHideFlags: 0
  m_Script: {fileID: 11500000, guid: 2be8a48416f841d4fac024c4f1994147, type: 3}
  m_Name: 
  m_EditorClassIdentifier: 
  interactionTag: Paintable
  paintColor: {r: 1, g: 0, b: 0, a: 1}
  radius: 0.038
  strength: 1
  hardness: 1
--- !u!135 &766136540855712793
SphereCollider:
  m_ObjectHideFlags: 0
  m_CorrespondingSourceObject: {fileID: 0}
  m_PrefabInstance: {fileID: 0}
  m_PrefabAsset: {fileID: 0}
  m_GameObject: {fileID: 7838095575759250622}
  m_Material: {fileID: 0}
  m_IsTrigger: 1
  m_Enabled: 1
  serializedVersion: 2
  m_Radius: 0.038
  m_Center: {x: 0, y: 0, z: 0}
--- !u!54 &7279664010275574751
Rigidbody:
  m_ObjectHideFlags: 0
  m_CorrespondingSourceObject: {fileID: 0}
  m_PrefabInstance: {fileID: 0}
  m_PrefabAsset: {fileID: 0}
  m_GameObject: {fileID: 7838095575759250622}
  serializedVersion: 2
  m_Mass: 1
  m_Drag: 0
  m_AngularDrag: 0.05
  m_UseGravity: 1
  m_IsKinematic: 1
  m_Interpolate: 0
  m_Constraints: 0
  m_CollisionDetection: 0
--- !u!1 &8112615233022070404
GameObject:
  m_ObjectHideFlags: 0
  m_CorrespondingSourceObject: {fileID: 0}
  m_PrefabInstance: {fileID: 0}
  m_PrefabAsset: {fileID: 0}
  serializedVersion: 6
  m_Component:
  - component: {fileID: 6485676380883815672}
  - component: {fileID: 1483699000922920025}
  - component: {fileID: 813863265789210249}
  - component: {fileID: 7009500923252030767}
  m_Layer: 0
  m_Name: Trigger Painter (3)
  m_TagString: Untagged
  m_Icon: {fileID: 0}
  m_NavMeshLayer: 0
  m_StaticEditorFlags: 0
  m_IsActive: 1
--- !u!4 &6485676380883815672
Transform:
  m_ObjectHideFlags: 0
  m_CorrespondingSourceObject: {fileID: 0}
  m_PrefabInstance: {fileID: 0}
  m_PrefabAsset: {fileID: 0}
  m_GameObject: {fileID: 8112615233022070404}
  m_LocalRotation: {x: 0, y: 0, z: 0, w: 1}
  m_LocalPosition: {x: -0.007, y: -0.0525, z: -0.015}
  m_LocalScale: {x: 1, y: 1, z: 1}
  m_Children: []
  m_Father: {fileID: 921869819245494021}
  m_RootOrder: 2
  m_LocalEulerAnglesHint: {x: 0, y: 0, z: 0}
--- !u!114 &1483699000922920025
MonoBehaviour:
  m_ObjectHideFlags: 0
  m_CorrespondingSourceObject: {fileID: 0}
  m_PrefabInstance: {fileID: 0}
  m_PrefabAsset: {fileID: 0}
  m_GameObject: {fileID: 8112615233022070404}
  m_Enabled: 1
  m_EditorHideFlags: 0
  m_Script: {fileID: 11500000, guid: 2be8a48416f841d4fac024c4f1994147, type: 3}
  m_Name: 
  m_EditorClassIdentifier: 
  interactionTag: Paintable
  paintColor: {r: 1, g: 0, b: 0, a: 1}
  radius: 0.038
  strength: 1
  hardness: 1
--- !u!135 &813863265789210249
SphereCollider:
  m_ObjectHideFlags: 0
  m_CorrespondingSourceObject: {fileID: 0}
  m_PrefabInstance: {fileID: 0}
  m_PrefabAsset: {fileID: 0}
  m_GameObject: {fileID: 8112615233022070404}
  m_Material: {fileID: 0}
  m_IsTrigger: 1
  m_Enabled: 1
  serializedVersion: 2
  m_Radius: 0.038
  m_Center: {x: 0, y: 0, z: 0}
--- !u!54 &7009500923252030767
Rigidbody:
  m_ObjectHideFlags: 0
  m_CorrespondingSourceObject: {fileID: 0}
  m_PrefabInstance: {fileID: 0}
  m_PrefabAsset: {fileID: 0}
  m_GameObject: {fileID: 8112615233022070404}
  serializedVersion: 2
  m_Mass: 1
  m_Drag: 0
  m_AngularDrag: 0.05
  m_UseGravity: 1
  m_IsKinematic: 1
  m_Interpolate: 0
  m_Constraints: 0
  m_CollisionDetection: 0
--- !u!1 &8203087028180087758
GameObject:
  m_ObjectHideFlags: 0
  m_CorrespondingSourceObject: {fileID: 0}
  m_PrefabInstance: {fileID: 0}
  m_PrefabAsset: {fileID: 0}
  serializedVersion: 6
  m_Component:
  - component: {fileID: 1112814350157844601}
  - component: {fileID: 2504902658786292647}
  - component: {fileID: 6199086484761299121}
  - component: {fileID: 7678098943748142660}
  m_Layer: 0
  m_Name: Trigger Painter (9)
  m_TagString: Untagged
  m_Icon: {fileID: 0}
  m_NavMeshLayer: 0
  m_StaticEditorFlags: 0
  m_IsActive: 1
--- !u!4 &1112814350157844601
Transform:
  m_ObjectHideFlags: 0
  m_CorrespondingSourceObject: {fileID: 0}
  m_PrefabInstance: {fileID: 0}
  m_PrefabAsset: {fileID: 0}
  m_GameObject: {fileID: 8203087028180087758}
  m_LocalRotation: {x: 0, y: 0, z: 0, w: 1}
  m_LocalPosition: {x: -0.007, y: 0, z: -0.015}
  m_LocalScale: {x: 1, y: 1, z: 1}
  m_Children: []
  m_Father: {fileID: 921869819245494021}
  m_RootOrder: 8
  m_LocalEulerAnglesHint: {x: 0, y: 0, z: 0}
--- !u!114 &2504902658786292647
MonoBehaviour:
  m_ObjectHideFlags: 0
  m_CorrespondingSourceObject: {fileID: 0}
  m_PrefabInstance: {fileID: 0}
  m_PrefabAsset: {fileID: 0}
  m_GameObject: {fileID: 8203087028180087758}
  m_Enabled: 1
  m_EditorHideFlags: 0
  m_Script: {fileID: 11500000, guid: 2be8a48416f841d4fac024c4f1994147, type: 3}
  m_Name: 
  m_EditorClassIdentifier: 
  interactionTag: Paintable
  paintColor: {r: 1, g: 0, b: 0, a: 1}
  radius: 0.038
  strength: 1
  hardness: 1
--- !u!135 &6199086484761299121
SphereCollider:
  m_ObjectHideFlags: 0
  m_CorrespondingSourceObject: {fileID: 0}
  m_PrefabInstance: {fileID: 0}
  m_PrefabAsset: {fileID: 0}
  m_GameObject: {fileID: 8203087028180087758}
  m_Material: {fileID: 0}
  m_IsTrigger: 1
  m_Enabled: 1
  serializedVersion: 2
  m_Radius: 0.038
  m_Center: {x: 0, y: 0, z: 0}
--- !u!54 &7678098943748142660
Rigidbody:
  m_ObjectHideFlags: 0
  m_CorrespondingSourceObject: {fileID: 0}
  m_PrefabInstance: {fileID: 0}
  m_PrefabAsset: {fileID: 0}
  m_GameObject: {fileID: 8203087028180087758}
  serializedVersion: 2
  m_Mass: 1
  m_Drag: 0
  m_AngularDrag: 0.05
  m_UseGravity: 1
  m_IsKinematic: 1
  m_Interpolate: 0
  m_Constraints: 0
  m_CollisionDetection: 0
--- !u!1 &8214039010978937721
GameObject:
  m_ObjectHideFlags: 0
  m_CorrespondingSourceObject: {fileID: 0}
  m_PrefabInstance: {fileID: 0}
  m_PrefabAsset: {fileID: 0}
  serializedVersion: 6
  m_Component:
  - component: {fileID: 7399431995455794496}
  - component: {fileID: 3221227828021771576}
  - component: {fileID: 7710335392295180925}
  - component: {fileID: 6782435543238106243}
  m_Layer: 0
  m_Name: Trigger Painter (4)
  m_TagString: Untagged
  m_Icon: {fileID: 0}
  m_NavMeshLayer: 0
  m_StaticEditorFlags: 0
  m_IsActive: 1
--- !u!4 &7399431995455794496
Transform:
  m_ObjectHideFlags: 0
  m_CorrespondingSourceObject: {fileID: 0}
  m_PrefabInstance: {fileID: 0}
  m_PrefabAsset: {fileID: 0}
  m_GameObject: {fileID: 8214039010978937721}
  m_LocalRotation: {x: 0, y: 0, z: 0, w: 1}
  m_LocalPosition: {x: -0.007, y: -0.07, z: -0.015}
  m_LocalScale: {x: 1, y: 1, z: 1}
  m_Children: []
  m_Father: {fileID: 921869819245494021}
  m_RootOrder: 3
  m_LocalEulerAnglesHint: {x: 0, y: 0, z: 0}
--- !u!114 &3221227828021771576
MonoBehaviour:
  m_ObjectHideFlags: 0
  m_CorrespondingSourceObject: {fileID: 0}
  m_PrefabInstance: {fileID: 0}
  m_PrefabAsset: {fileID: 0}
  m_GameObject: {fileID: 8214039010978937721}
  m_Enabled: 1
  m_EditorHideFlags: 0
  m_Script: {fileID: 11500000, guid: 2be8a48416f841d4fac024c4f1994147, type: 3}
  m_Name: 
  m_EditorClassIdentifier: 
  interactionTag: Paintable
  paintColor: {r: 1, g: 0, b: 0, a: 1}
  radius: 0.038
  strength: 1
  hardness: 1
--- !u!135 &7710335392295180925
SphereCollider:
  m_ObjectHideFlags: 0
  m_CorrespondingSourceObject: {fileID: 0}
  m_PrefabInstance: {fileID: 0}
  m_PrefabAsset: {fileID: 0}
  m_GameObject: {fileID: 8214039010978937721}
  m_Material: {fileID: 0}
  m_IsTrigger: 1
  m_Enabled: 1
  serializedVersion: 2
  m_Radius: 0.038
  m_Center: {x: 0, y: 0, z: 0}
--- !u!54 &6782435543238106243
Rigidbody:
  m_ObjectHideFlags: 0
  m_CorrespondingSourceObject: {fileID: 0}
  m_PrefabInstance: {fileID: 0}
  m_PrefabAsset: {fileID: 0}
  m_GameObject: {fileID: 8214039010978937721}
  serializedVersion: 2
  m_Mass: 1
  m_Drag: 0
  m_AngularDrag: 0.05
  m_UseGravity: 1
  m_IsKinematic: 1
  m_Interpolate: 0
  m_Constraints: 0
  m_CollisionDetection: 0
--- !u!1 &8884500565630780717
GameObject:
  m_ObjectHideFlags: 0
  m_CorrespondingSourceObject: {fileID: 0}
  m_PrefabInstance: {fileID: 0}
  m_PrefabAsset: {fileID: 0}
  serializedVersion: 6
  m_Component:
  - component: {fileID: 2420522031098287110}
  m_Layer: 0
  m_Name: Attach
  m_TagString: Untagged
  m_Icon: {fileID: 0}
  m_NavMeshLayer: 0
  m_StaticEditorFlags: 0
  m_IsActive: 1
--- !u!4 &2420522031098287110
Transform:
  m_ObjectHideFlags: 0
  m_CorrespondingSourceObject: {fileID: 0}
  m_PrefabInstance: {fileID: 0}
  m_PrefabAsset: {fileID: 0}
  m_GameObject: {fileID: 8884500565630780717}
  m_LocalRotation: {x: 0.008795347, y: -0.70705205, z: 0.008795366, w: 0.7070521}
  m_LocalPosition: {x: 0, y: 0, z: 0}
  m_LocalScale: {x: 1, y: 1, z: 1}
  m_Children:
  - {fileID: 6082687857348416276}
  - {fileID: 3514637254626650210}
  m_Father: {fileID: 4050455500259216592}
  m_RootOrder: 3
  m_LocalEulerAnglesHint: {x: 1.425, y: -90, z: 0}
--- !u!1001 &3984778071874817929
PrefabInstance:
  m_ObjectHideFlags: 0
  serializedVersion: 2
  m_Modification:
    m_TransformParent: {fileID: 2420522031098287110}
    m_Modifications:
    - target: {fileID: -8679921383154817045, guid: bee732daa85bfa84aa6a12a75107b6c7, type: 3}
      propertyPath: m_RootOrder
      value: 1
      objectReference: {fileID: 0}
    - target: {fileID: -8679921383154817045, guid: bee732daa85bfa84aa6a12a75107b6c7, type: 3}
      propertyPath: m_LocalPosition.x
      value: -0.3653999
      objectReference: {fileID: 0}
    - target: {fileID: -8679921383154817045, guid: bee732daa85bfa84aa6a12a75107b6c7, type: 3}
      propertyPath: m_LocalPosition.y
      value: 0.37082604
      objectReference: {fileID: 0}
    - target: {fileID: -8679921383154817045, guid: bee732daa85bfa84aa6a12a75107b6c7, type: 3}
      propertyPath: m_LocalPosition.z
      value: -1.4025583
      objectReference: {fileID: 0}
    - target: {fileID: -8679921383154817045, guid: bee732daa85bfa84aa6a12a75107b6c7, type: 3}
      propertyPath: m_LocalRotation.w
      value: 0.6858264
      objectReference: {fileID: 0}
    - target: {fileID: -8679921383154817045, guid: bee732daa85bfa84aa6a12a75107b6c7, type: 3}
      propertyPath: m_LocalRotation.x
      value: 0.66897345
      objectReference: {fileID: 0}
    - target: {fileID: -8679921383154817045, guid: bee732daa85bfa84aa6a12a75107b6c7, type: 3}
      propertyPath: m_LocalRotation.y
      value: -0.2051335
      objectReference: {fileID: 0}
    - target: {fileID: -8679921383154817045, guid: bee732daa85bfa84aa6a12a75107b6c7, type: 3}
      propertyPath: m_LocalRotation.z
      value: -0.20009261
      objectReference: {fileID: 0}
    - target: {fileID: -8679921383154817045, guid: bee732daa85bfa84aa6a12a75107b6c7, type: 3}
      propertyPath: m_LocalEulerAnglesHint.x
      value: 0
      objectReference: {fileID: 0}
    - target: {fileID: -8679921383154817045, guid: bee732daa85bfa84aa6a12a75107b6c7, type: 3}
      propertyPath: m_LocalEulerAnglesHint.y
      value: -33.304
      objectReference: {fileID: 0}
    - target: {fileID: -8679921383154817045, guid: bee732daa85bfa84aa6a12a75107b6c7, type: 3}
      propertyPath: m_LocalEulerAnglesHint.z
      value: 0
      objectReference: {fileID: 0}
    - target: {fileID: -4373592168899352408, guid: bee732daa85bfa84aa6a12a75107b6c7, type: 3}
      propertyPath: m_Materials.Array.data[0]
      value: 
      objectReference: {fileID: 2100000, guid: fca3ce6904fd44246ba4248031219db7, type: 2}
    - target: {fileID: 919132149155446097, guid: bee732daa85bfa84aa6a12a75107b6c7, type: 3}
      propertyPath: m_Name
      value: hands_roller_r
      objectReference: {fileID: 0}
    - target: {fileID: 919132149155446097, guid: bee732daa85bfa84aa6a12a75107b6c7, type: 3}
      propertyPath: m_IsActive
      value: 0
      objectReference: {fileID: 0}
    m_RemovedComponents: []
  m_SourcePrefab: {fileID: 100100000, guid: bee732daa85bfa84aa6a12a75107b6c7, type: 3}
--- !u!1 &4291278823968764632 stripped
GameObject:
  m_CorrespondingSourceObject: {fileID: 919132149155446097, guid: bee732daa85bfa84aa6a12a75107b6c7, type: 3}
  m_PrefabInstance: {fileID: 3984778071874817929}
  m_PrefabAsset: {fileID: 0}
--- !u!4 &3514637254626650210 stripped
Transform:
  m_CorrespondingSourceObject: {fileID: -8679921383154817045, guid: bee732daa85bfa84aa6a12a75107b6c7, type: 3}
  m_PrefabInstance: {fileID: 3984778071874817929}
  m_PrefabAsset: {fileID: 0}
--- !u!1001 &6044029838344910079
PrefabInstance:
  m_ObjectHideFlags: 0
  serializedVersion: 2
  m_Modification:
    m_TransformParent: {fileID: 2420522031098287110}
    m_Modifications:
    - target: {fileID: -8679921383154817045, guid: b80cadd7a8c217b4dbe8f49eb7599e86, type: 3}
      propertyPath: m_RootOrder
      value: 0
      objectReference: {fileID: 0}
    - target: {fileID: -8679921383154817045, guid: b80cadd7a8c217b4dbe8f49eb7599e86, type: 3}
      propertyPath: m_LocalPosition.x
      value: 0.24630012
      objectReference: {fileID: 0}
    - target: {fileID: -8679921383154817045, guid: b80cadd7a8c217b4dbe8f49eb7599e86, type: 3}
      propertyPath: m_LocalPosition.y
      value: 0.21762444
      objectReference: {fileID: 0}
    - target: {fileID: -8679921383154817045, guid: b80cadd7a8c217b4dbe8f49eb7599e86, type: 3}
      propertyPath: m_LocalPosition.z
      value: -1.3444293
      objectReference: {fileID: 0}
    - target: {fileID: -8679921383154817045, guid: b80cadd7a8c217b4dbe8f49eb7599e86, type: 3}
      propertyPath: m_LocalRotation.w
      value: 0.7079048
      objectReference: {fileID: 0}
    - target: {fileID: -8679921383154817045, guid: b80cadd7a8c217b4dbe8f49eb7599e86, type: 3}
      propertyPath: m_LocalRotation.x
      value: 0.69050926
      objectReference: {fileID: 0}
    - target: {fileID: -8679921383154817045, guid: b80cadd7a8c217b4dbe8f49eb7599e86, type: 3}
      propertyPath: m_LocalRotation.y
      value: 0.106340975
      objectReference: {fileID: 0}
    - target: {fileID: -8679921383154817045, guid: b80cadd7a8c217b4dbe8f49eb7599e86, type: 3}
      propertyPath: m_LocalRotation.z
      value: 0.103727885
      objectReference: {fileID: 0}
    - target: {fileID: -8679921383154817045, guid: b80cadd7a8c217b4dbe8f49eb7599e86, type: 3}
      propertyPath: m_LocalEulerAnglesHint.x
      value: 0
      objectReference: {fileID: 0}
    - target: {fileID: -8679921383154817045, guid: b80cadd7a8c217b4dbe8f49eb7599e86, type: 3}
      propertyPath: m_LocalEulerAnglesHint.y
      value: 17.086
      objectReference: {fileID: 0}
    - target: {fileID: -8679921383154817045, guid: b80cadd7a8c217b4dbe8f49eb7599e86, type: 3}
      propertyPath: m_LocalEulerAnglesHint.z
      value: 0
      objectReference: {fileID: 0}
    - target: {fileID: 919132149155446097, guid: b80cadd7a8c217b4dbe8f49eb7599e86, type: 3}
      propertyPath: m_Name
      value: hands_roller_l
      objectReference: {fileID: 0}
    - target: {fileID: 919132149155446097, guid: b80cadd7a8c217b4dbe8f49eb7599e86, type: 3}
      propertyPath: m_IsActive
      value: 0
      objectReference: {fileID: 0}
    - target: {fileID: 3623037877208060755, guid: b80cadd7a8c217b4dbe8f49eb7599e86, type: 3}
      propertyPath: m_Materials.Array.data[0]
      value: 
      objectReference: {fileID: 2100000, guid: fca3ce6904fd44246ba4248031219db7, type: 2}
    m_RemovedComponents: []
  m_SourcePrefab: {fileID: 100100000, guid: b80cadd7a8c217b4dbe8f49eb7599e86, type: 3}
--- !u!1 &6855002878216882606 stripped
GameObject:
  m_CorrespondingSourceObject: {fileID: 919132149155446097, guid: b80cadd7a8c217b4dbe8f49eb7599e86, type: 3}
  m_PrefabInstance: {fileID: 6044029838344910079}
  m_PrefabAsset: {fileID: 0}
--- !u!4 &6082687857348416276 stripped
Transform:
  m_CorrespondingSourceObject: {fileID: -8679921383154817045, guid: b80cadd7a8c217b4dbe8f49eb7599e86, type: 3}
  m_PrefabInstance: {fileID: 6044029838344910079}
  m_PrefabAsset: {fileID: 0}
