%YAML 1.1
%TAG !u! tag:unity3d.com,2011:
--- !u!1 &574921124975956475
GameObject:
  m_ObjectHideFlags: 0
  m_CorrespondingSourceObject: {fileID: 0}
  m_PrefabInstance: {fileID: 0}
  m_PrefabAsset: {fileID: 0}
  serializedVersion: 6
  m_Component:
  - component: {fileID: 914607973056056129}
  - component: {fileID: 4259996840271807716}
  - component: {fileID: 2088117474596810798}
  - component: {fileID: 2393786551502840569}
  - component: {fileID: 306032907060162017}
  - component: {fileID: 6358251005770105486}
  - component: {fileID: 5947581072807836524}
  - component: {fileID: 7916636126209692507}
  - component: {fileID: 3492489977901715844}
  - component: {fileID: 4648690659474011312}
  - component: {fileID: 2199017460027222263}
  - component: {fileID: 252040593829760983}
  - component: {fileID: 7525987122426646723}
  - component: {fileID: 4906500037039858362}
  - component: {fileID: 4723656505504986927}
  - component: {fileID: 7186335262073545715}
  m_Layer: 0
  m_Name: Scraper Tool
  m_TagString: Untagged
  m_Icon: {fileID: 0}
  m_NavMeshLayer: 0
  m_StaticEditorFlags: 0
  m_IsActive: 1
--- !u!4 &914607973056056129
Transform:
  m_ObjectHideFlags: 0
  m_CorrespondingSourceObject: {fileID: 0}
  m_PrefabInstance: {fileID: 0}
  m_PrefabAsset: {fileID: 0}
  m_GameObject: {fileID: 574921124975956475}
  m_LocalRotation: {x: -0.7071068, y: 0, z: 0, w: 0.7071068}
  m_LocalPosition: {x: -0, y: 0, z: 0}
  m_LocalScale: {x: 1, y: 1, z: 1}
  m_Children:
  - {fileID: 1402938873121814944}
  - {fileID: 7557514755691018247}
  - {fileID: 8171185828357190254}
  m_Father: {fileID: 0}
  m_RootOrder: 0
  m_LocalEulerAnglesHint: {x: -90, y: 0, z: 0}
--- !u!33 &4259996840271807716
MeshFilter:
  m_ObjectHideFlags: 0
  m_CorrespondingSourceObject: {fileID: 0}
  m_PrefabInstance: {fileID: 0}
  m_PrefabAsset: {fileID: 0}
  m_GameObject: {fileID: 574921124975956475}
  m_Mesh: {fileID: -4981084535813736059, guid: ee6413a85a45db54cad0cf5b693096a6, type: 3}
--- !u!23 &2088117474596810798
MeshRenderer:
  m_ObjectHideFlags: 0
  m_CorrespondingSourceObject: {fileID: 0}
  m_PrefabInstance: {fileID: 0}
  m_PrefabAsset: {fileID: 0}
  m_GameObject: {fileID: 574921124975956475}
  m_Enabled: 1
  m_CastShadows: 1
  m_ReceiveShadows: 1
  m_DynamicOccludee: 1
  m_MotionVectors: 1
  m_LightProbeUsage: 1
  m_ReflectionProbeUsage: 1
  m_RayTracingMode: 2
  m_RayTraceProcedural: 0
  m_RenderingLayerMask: 1
  m_RendererPriority: 0
  m_Materials:
  - {fileID: 2100000, guid: 450229103061ddd4cb4c624aee8d1618, type: 2}
  m_StaticBatchInfo:
    firstSubMesh: 0
    subMeshCount: 0
  m_StaticBatchRoot: {fileID: 0}
  m_ProbeAnchor: {fileID: 0}
  m_LightProbeVolumeOverride: {fileID: 0}
  m_ScaleInLightmap: 1
  m_ReceiveGI: 1
  m_PreserveUVs: 0
  m_IgnoreNormalsForChartDetection: 0
  m_ImportantGI: 0
  m_StitchLightmapSeams: 1
  m_SelectedEditorRenderState: 3
  m_MinimumChartSize: 4
  m_AutoUVMaxDistance: 0.5
  m_AutoUVMaxAngle: 89
  m_LightmapParameters: {fileID: 0}
  m_SortingLayerID: 0
  m_SortingLayer: 0
  m_SortingOrder: 0
  m_AdditionalVertexStreams: {fileID: 0}
--- !u!65 &2393786551502840569
BoxCollider:
  m_ObjectHideFlags: 0
  m_CorrespondingSourceObject: {fileID: 0}
  m_PrefabInstance: {fileID: 0}
  m_PrefabAsset: {fileID: 0}
  m_GameObject: {fileID: 574921124975956475}
  m_Material: {fileID: 0}
  m_IsTrigger: 0
  m_Enabled: 1
  serializedVersion: 2
  m_Size: {x: 0.36371103, y: 0.095597014, z: 0.037030622}
  m_Center: {x: -0.000000007450581, y: -0.0000000037252907, z: 9.313226e-10}
--- !u!54 &306032907060162017
Rigidbody:
  m_ObjectHideFlags: 0
  m_CorrespondingSourceObject: {fileID: 0}
  m_PrefabInstance: {fileID: 0}
  m_PrefabAsset: {fileID: 0}
  m_GameObject: {fileID: 574921124975956475}
  serializedVersion: 2
  m_Mass: 1
  m_Drag: 0
  m_AngularDrag: 0.05
  m_UseGravity: 1
  m_IsKinematic: 0
  m_Interpolate: 0
  m_Constraints: 0
  m_CollisionDetection: 0
--- !u!114 &6358251005770105486
MonoBehaviour:
  m_ObjectHideFlags: 0
  m_CorrespondingSourceObject: {fileID: 0}
  m_PrefabInstance: {fileID: 0}
  m_PrefabAsset: {fileID: 0}
  m_GameObject: {fileID: 574921124975956475}
  m_Enabled: 1
  m_EditorHideFlags: 0
  m_Script: {fileID: 11500000, guid: 0ad34abafad169848a38072baa96cdb2, type: 3}
  m_Name: 
  m_EditorClassIdentifier: 
  m_InteractionManager: {fileID: 0}
  m_Colliders: []
  m_InteractionLayerMask:
    serializedVersion: 2
    m_Bits: 4294967295
  m_CustomReticle: {fileID: 0}
  m_FirstHoverEntered:
    m_PersistentCalls:
      m_Calls: []
  m_LastHoverExited:
    m_PersistentCalls:
      m_Calls: []
  m_HoverEntered:
    m_PersistentCalls:
      m_Calls: []
  m_HoverExited:
    m_PersistentCalls:
      m_Calls: []
  m_SelectEntered:
    m_PersistentCalls:
      m_Calls: []
  m_SelectExited:
    m_PersistentCalls:
      m_Calls: []
  m_Activated:
    m_PersistentCalls:
      m_Calls: []
  m_Deactivated:
    m_PersistentCalls:
      m_Calls: []
  m_OnFirstHoverEntered:
    m_PersistentCalls:
      m_Calls: []
  m_OnLastHoverExited:
    m_PersistentCalls:
      m_Calls: []
  m_OnHoverEntered:
    m_PersistentCalls:
      m_Calls: []
  m_OnHoverExited:
    m_PersistentCalls:
      m_Calls: []
  m_OnSelectEntered:
    m_PersistentCalls:
      m_Calls: []
  m_OnSelectExited:
    m_PersistentCalls:
      m_Calls: []
  m_OnSelectCanceled:
    m_PersistentCalls:
      m_Calls: []
  m_OnActivate:
    m_PersistentCalls:
      m_Calls: []
  m_OnDeactivate:
    m_PersistentCalls:
      m_Calls: []
  m_AttachTransform: {fileID: 1402938873121814944}
  m_AttachEaseInTime: 0.15
  m_MovementType: 1
  m_VelocityDamping: 1
  m_VelocityScale: 1
  m_AngularVelocityDamping: 1
  m_AngularVelocityScale: 1
  m_TrackPosition: 1
  m_SmoothPosition: 0
  m_SmoothPositionAmount: 5
  m_TightenPosition: 0.5
  m_TrackRotation: 1
  m_SmoothRotation: 0
  m_SmoothRotationAmount: 5
  m_TightenRotation: 0.5
  m_ThrowOnDetach: 1
  m_ThrowSmoothingDuration: 0.25
  m_ThrowSmoothingCurve:
    serializedVersion: 2
    m_Curve:
    - serializedVersion: 3
      time: 1
      value: 1
      inSlope: 0
      outSlope: 0
      tangentMode: 0
      weightedMode: 0
      inWeight: 0
      outWeight: 0
    m_PreInfinity: 2
    m_PostInfinity: 2
    m_RotationOrder: 4
  m_ThrowVelocityScale: 1.5
  m_ThrowAngularVelocityScale: 0.25
  m_ForceGravityOnDetach: 0
  m_RetainTransformParent: 1
  m_AttachPointCompatibilityMode: 0
--- !u!114 &5947581072807836524
MonoBehaviour:
  m_ObjectHideFlags: 0
  m_CorrespondingSourceObject: {fileID: 0}
  m_PrefabInstance: {fileID: 0}
  m_PrefabAsset: {fileID: 0}
  m_GameObject: {fileID: 574921124975956475}
  m_Enabled: 1
  m_EditorHideFlags: 0
  m_Script: {fileID: 11500000, guid: d2d388c24fb57e944975b753ca3de5d7, type: 3}
  m_Name: 
  m_EditorClassIdentifier: 
  property: 
  SkinnedMeshRenderer: {fileID: 0}
  MeshRenderer: {fileID: 2088117474596810798}
  Hover: {r: 0.929, g: 0.094, b: 0.278, a: 1}
  Select: {r: 1, g: 1, b: 1, a: 1}
--- !u!114 &7916636126209692507
MonoBehaviour:
  m_ObjectHideFlags: 0
  m_CorrespondingSourceObject: {fileID: 0}
  m_PrefabInstance: {fileID: 0}
  m_PrefabAsset: {fileID: 0}
  m_GameObject: {fileID: 574921124975956475}
  m_Enabled: 1
  m_EditorHideFlags: 0
  m_Script: {fileID: 11500000, guid: 86bca8815aafc1642bb7b32c9a18727b, type: 3}
  m_Name: 
  m_EditorClassIdentifier: 
  TriggerTag: ReturnFallingObjects
  Time: 0.5
  LiftHeight: 1
  IgnoreDistance: 0.1
--- !u!82 &3492489977901715844
AudioSource:
  m_ObjectHideFlags: 0
  m_CorrespondingSourceObject: {fileID: 0}
  m_PrefabInstance: {fileID: 0}
  m_PrefabAsset: {fileID: 0}
  m_GameObject: {fileID: 574921124975956475}
  m_Enabled: 1
  serializedVersion: 4
  OutputAudioMixerGroup: {fileID: 3162424818605760896, guid: 50b09b097e815664d94b314b6afb387b, type: 2}
  m_audioClip: {fileID: 0}
  m_PlayOnAwake: 1
  m_Volume: 1
  m_Pitch: 1
  Loop: 0
  Mute: 0
  Spatialize: 0
  SpatializePostEffects: 0
  Priority: 128
  DopplerLevel: 1
  MinDistance: 1
  MaxDistance: 500
  Pan2D: 0
  rolloffMode: 0
  BypassEffects: 0
  BypassListenerEffects: 0
  BypassReverbZones: 0
  rolloffCustomCurve:
    serializedVersion: 2
    m_Curve:
    - serializedVersion: 3
      time: 0
      value: 1
      inSlope: 0
      outSlope: 0
      tangentMode: 0
      weightedMode: 0
      inWeight: 0.33333334
      outWeight: 0.33333334
    - serializedVersion: 3
      time: 1
      value: 0
      inSlope: 0
      outSlope: 0
      tangentMode: 0
      weightedMode: 0
      inWeight: 0.33333334
      outWeight: 0.33333334
    m_PreInfinity: 2
    m_PostInfinity: 2
    m_RotationOrder: 4
  panLevelCustomCurve:
    serializedVersion: 2
    m_Curve:
    - serializedVersion: 3
      time: 0
      value: 0
      inSlope: 0
      outSlope: 0
      tangentMode: 0
      weightedMode: 0
      inWeight: 0.33333334
      outWeight: 0.33333334
    m_PreInfinity: 2
    m_PostInfinity: 2
    m_RotationOrder: 4
  spreadCustomCurve:
    serializedVersion: 2
    m_Curve:
    - serializedVersion: 3
      time: 0
      value: 0
      inSlope: 0
      outSlope: 0
      tangentMode: 0
      weightedMode: 0
      inWeight: 0.33333334
      outWeight: 0.33333334
    m_PreInfinity: 2
    m_PostInfinity: 2
    m_RotationOrder: 4
  reverbZoneMixCustomCurve:
    serializedVersion: 2
    m_Curve:
    - serializedVersion: 3
      time: 0
      value: 1
      inSlope: 0
      outSlope: 0
      tangentMode: 0
      weightedMode: 0
      inWeight: 0.33333334
      outWeight: 0.33333334
    m_PreInfinity: 2
    m_PostInfinity: 2
    m_RotationOrder: 4
--- !u!114 &4648690659474011312
MonoBehaviour:
  m_ObjectHideFlags: 0
  m_CorrespondingSourceObject: {fileID: 0}
  m_PrefabInstance: {fileID: 0}
  m_PrefabAsset: {fileID: 0}
  m_GameObject: {fileID: 574921124975956475}
  m_Enabled: 1
  m_EditorHideFlags: 0
  m_Script: {fileID: 11500000, guid: f34c967cb2e5489c9eba08c43d6bcd18, type: 3}
  m_Name: 
  m_EditorClassIdentifier: 
  _bothHands: 0
  _interactable: {fileID: 6358251005770105486}
  _attachLeftHand: {fileID: 9167128095129160879}
  _attachRightHand: {fileID: 3464686507967990484}
--- !u!114 &2199017460027222263
MonoBehaviour:
  m_ObjectHideFlags: 0
  m_CorrespondingSourceObject: {fileID: 0}
  m_PrefabInstance: {fileID: 0}
  m_PrefabAsset: {fileID: 0}
  m_GameObject: {fileID: 574921124975956475}
  m_Enabled: 1
  m_EditorHideFlags: 0
  m_Script: {fileID: 11500000, guid: fb708e9aa37b7c94d855fbd3652bc319, type: 3}
  m_Name: 
  m_EditorClassIdentifier: 
  _transform: {fileID: 914607973056056129}
  _audioSource: {fileID: 3492489977901715844}
--- !u!114 &252040593829760983
MonoBehaviour:
  m_ObjectHideFlags: 0
  m_CorrespondingSourceObject: {fileID: 0}
  m_PrefabInstance: {fileID: 0}
  m_PrefabAsset: {fileID: 0}
  m_GameObject: {fileID: 574921124975956475}
  m_Enabled: 1
  m_EditorHideFlags: 0
  m_Script: {fileID: 11500000, guid: c1d443ebcc258af46bda4448f80cd6d4, type: 3}
  m_Name: 
  m_EditorClassIdentifier: 
--- !u!114 &7525987122426646723
MonoBehaviour:
  m_ObjectHideFlags: 0
  m_CorrespondingSourceObject: {fileID: 0}
  m_PrefabInstance: {fileID: 0}
  m_PrefabAsset: {fileID: 0}
  m_GameObject: {fileID: 574921124975956475}
  m_Enabled: 1
  m_EditorHideFlags: 0
  m_Script: {fileID: 11500000, guid: 107cdb6344184b4fa171a65521c571c5, type: 3}
  m_Name: 
  m_EditorClassIdentifier: 
  _interactable: {fileID: 6358251005770105486}
  _pickUpSoundPrefab: {fileID: 1371529815954757195, guid: e19c398c57e205c40a1cf247f9e70044, type: 3}
  _dropSoundPrefab: {fileID: 1371529815954757195, guid: e939b82bc5e6d2d4ca48ab04e3d1b6ff, type: 3}
  _pickUpClips: {fileID: 11400000, guid: 35575fe119b576e4d87c05f49c290b94, type: 2}
  _dropClips: {fileID: 11400000, guid: 0c4ff1323918a8042a16e0c70baf3487, type: 2}
--- !u!114 &4906500037039858362
MonoBehaviour:
  m_ObjectHideFlags: 0
  m_CorrespondingSourceObject: {fileID: 0}
  m_PrefabInstance: {fileID: 0}
  m_PrefabAsset: {fileID: 0}
  m_GameObject: {fileID: 574921124975956475}
  m_Enabled: 1
  m_EditorHideFlags: 0
  m_Script: {fileID: 11500000, guid: b4634c213a33e72449eb2d4ffe8fc4a7, type: 3}
  m_Name: 
  m_EditorClassIdentifier: 
  _components:
  - {fileID: 4648690659474011312}
  - {fileID: 7186335262073545715}
  - {fileID: 2199017460027222263}
  - {fileID: 252040593829760983}
  - {fileID: 7525987122426646723}
  gluePushSystem: {fileID: 0}
--- !u!114 &4723656505504986927
MonoBehaviour:
  m_ObjectHideFlags: 0
  m_CorrespondingSourceObject: {fileID: 0}
  m_PrefabInstance: {fileID: 0}
  m_PrefabAsset: {fileID: 0}
  m_GameObject: {fileID: 574921124975956475}
  m_Enabled: 1
  m_EditorHideFlags: 0
  m_Script: {fileID: 11500000, guid: 2985fc165b3944547a8a90574e6212e5, type: 3}
  m_Name: 
  m_EditorClassIdentifier: 
  _isChangeHandMaterial: 0
  _isChangeStickedObjectMaterial: 1
  _meshRenderer: {fileID: 2088117474596810798}
  _stickableGhostMaterial: {fileID: 2100000, guid: 2664aa71df85e7247a08e331bb6d23df, type: 2}
  _handGhostMaterial: {fileID: 2100000, guid: 67863656042bbbe438ef3fa85ff53724, type: 2}
  _rotationSpeed: 15
  _movementSpeed: 15
  _grabInteractable: {fileID: 6358251005770105486}
  _stickPoint: {fileID: 8171185828357190254}
--- !u!114 &7186335262073545715
MonoBehaviour:
  m_ObjectHideFlags: 0
  m_CorrespondingSourceObject: {fileID: 0}
  m_PrefabInstance: {fileID: 0}
  m_PrefabAsset: {fileID: 0}
  m_GameObject: {fileID: 574921124975956475}
  m_Enabled: 1
  m_EditorHideFlags: 0
  m_Script: {fileID: 11500000, guid: 66effb29d9a54862b5add14395fae194, type: 3}
  m_Name: 
  m_EditorClassIdentifier: 
  _interactable: {fileID: 6358251005770105486}
  _clipsData: {fileID: 11400000, guid: c52df9f2a0ee7f2489e8d7739bbd1daa, type: 2}
  _onOffClipPrefab: {fileID: 4135029459976293186, guid: 04c36fdb5db3c734bbd314a79464067e, type: 3}
  _useOnOffClips: 0
  _useProgressBasedSignal: 1
  _volumeFadeInTime: 0.3
  _volumeFadeOutTime: 0.3
  _minVolume: 0
  _maxVolume: 1
  _pitchFadeInTime: 0.1
  _pitchFadeOutTime: 0.1
  _minPitch: 0.9
  _maxPitch: 1
--- !u!1 &894633189658400072
GameObject:
  m_ObjectHideFlags: 0
  m_CorrespondingSourceObject: {fileID: 0}
  m_PrefabInstance: {fileID: 0}
  m_PrefabAsset: {fileID: 0}
  serializedVersion: 6
  m_Component:
  - component: {fileID: 8171185828357190254}
  m_Layer: 0
  m_Name: Stickpoint
  m_TagString: Untagged
  m_Icon: {fileID: 0}
  m_NavMeshLayer: 0
  m_StaticEditorFlags: 0
  m_IsActive: 1
--- !u!4 &8171185828357190254
Transform:
  m_ObjectHideFlags: 0
  m_CorrespondingSourceObject: {fileID: 0}
  m_PrefabInstance: {fileID: 0}
  m_PrefabAsset: {fileID: 0}
  m_GameObject: {fileID: 894633189658400072}
  m_LocalRotation: {x: 0.3406029, y: 0.3406029, z: 0.619669, w: 0.619669}
  m_LocalPosition: {x: 0.1214, y: -0, z: -0.01208}
  m_LocalScale: {x: 1, y: 1, z: 1}
  m_Children: []
  m_Father: {fileID: 914607973056056129}
  m_RootOrder: 2
  m_LocalEulerAnglesHint: {x: 0, y: 57.591, z: 90}
--- !u!1 &1104261930239932069
GameObject:
  m_ObjectHideFlags: 0
  m_CorrespondingSourceObject: {fileID: 0}
  m_PrefabInstance: {fileID: 0}
  m_PrefabAsset: {fileID: 0}
  serializedVersion: 6
  m_Component:
  - component: {fileID: 1402938873121814944}
  m_Layer: 0
  m_Name: Attach
  m_TagString: Untagged
  m_Icon: {fileID: 0}
  m_NavMeshLayer: 0
  m_StaticEditorFlags: 0
  m_IsActive: 1
--- !u!4 &1402938873121814944
Transform:
  m_ObjectHideFlags: 0
  m_CorrespondingSourceObject: {fileID: 0}
  m_PrefabInstance: {fileID: 0}
  m_PrefabAsset: {fileID: 0}
  m_GameObject: {fileID: 1104261930239932069}
  m_LocalRotation: {x: 0.7071068, y: 0, z: 0, w: 0.7071068}
  m_LocalPosition: {x: 0, y: 0, z: 0}
  m_LocalScale: {x: 1.0000001, y: 1, z: 1}
  m_Children:
  - {fileID: 8391330641007678997}
  - {fileID: 4278097116224884846}
  m_Father: {fileID: 914607973056056129}
  m_RootOrder: 0
  m_LocalEulerAnglesHint: {x: 90, y: 0, z: 0}
--- !u!1 &1559242943999774805
GameObject:
  m_ObjectHideFlags: 0
  m_CorrespondingSourceObject: {fileID: 0}
  m_PrefabInstance: {fileID: 0}
  m_PrefabAsset: {fileID: 0}
  serializedVersion: 6
  m_Component:
  - component: {fileID: 7557514755691018247}
  - component: {fileID: 8417094220661790445}
  - component: {fileID: 8283007106191262986}
  - component: {fileID: 7233534509060780624}
  - component: {fileID: 5240099380935354327}
  m_Layer: 0
  m_Name: Glue Pusher
  m_TagString: ScraperToolTrigger
  m_Icon: {fileID: 0}
  m_NavMeshLayer: 0
  m_StaticEditorFlags: 0
  m_IsActive: 1
--- !u!4 &7557514755691018247
Transform:
  m_ObjectHideFlags: 0
  m_CorrespondingSourceObject: {fileID: 0}
  m_PrefabInstance: {fileID: 0}
  m_PrefabAsset: {fileID: 0}
  m_GameObject: {fileID: 1559242943999774805}
  m_LocalRotation: {x: -0, y: 0.46315235, z: -0.000000044703484, w: 0.88627875}
  m_LocalPosition: {x: 0.1151, y: -0, z: -0.0102}
  m_LocalScale: {x: 1, y: 1, z: 1}
  m_Children: []
  m_Father: {fileID: 914607973056056129}
  m_RootOrder: 1
  m_LocalEulerAnglesHint: {x: 0, y: 55.181, z: 0}
--- !u!65 &8417094220661790445
BoxCollider:
  m_ObjectHideFlags: 0
  m_CorrespondingSourceObject: {fileID: 0}
  m_PrefabInstance: {fileID: 0}
  m_PrefabAsset: {fileID: 0}
  m_GameObject: {fileID: 1559242943999774805}
  m_Material: {fileID: 0}
  m_IsTrigger: 1
  m_Enabled: 1
  serializedVersion: 2
  m_Size: {x: 0.01825777, y: 0.07570025, z: 0.019744677}
  m_Center: {x: 0.0034091591, y: 4.821971e-10, z: 0.0008818384}
--- !u!114 &8283007106191262986
MonoBehaviour:
  m_ObjectHideFlags: 0
  m_CorrespondingSourceObject: {fileID: 0}
  m_PrefabInstance: {fileID: 0}
  m_PrefabAsset: {fileID: 0}
  m_GameObject: {fileID: 1559242943999774805}
  m_Enabled: 1
  m_EditorHideFlags: 0
  m_Script: {fileID: 11500000, guid: 4af4a08b51b6d9a44a9509056c46ff15, type: 3}
  m_Name: 
  m_EditorClassIdentifier: 
  distanceFromCamera: 0
  strength: 0.01
  followSpeed: 10
  followRotationSpeed: 10
--- !u!114 &7233534509060780624
MonoBehaviour:
  m_ObjectHideFlags: 0
  m_CorrespondingSourceObject: {fileID: 0}
  m_PrefabInstance: {fileID: 0}
  m_PrefabAsset: {fileID: 0}
  m_GameObject: {fileID: 1559242943999774805}
  m_Enabled: 1
  m_EditorHideFlags: 0
  m_Script: {fileID: 11500000, guid: 1b25a5e4d614aab4cae7f40756929469, type: 3}
  m_Name: 
  m_EditorClassIdentifier: 
--- !u!54 &5240099380935354327
Rigidbody:
  m_ObjectHideFlags: 0
  m_CorrespondingSourceObject: {fileID: 0}
  m_PrefabInstance: {fileID: 0}
  m_PrefabAsset: {fileID: 0}
  m_GameObject: {fileID: 1559242943999774805}
  serializedVersion: 2
  m_Mass: 1
  m_Drag: 0
  m_AngularDrag: 0.05
  m_UseGravity: 1
  m_IsKinematic: 1
  m_Interpolate: 0
  m_Constraints: 0
  m_CollisionDetection: 0
--- !u!1001 &4383238100890449797
PrefabInstance:
  m_ObjectHideFlags: 0
  serializedVersion: 2
  m_Modification:
    m_TransformParent: {fileID: 1402938873121814944}
    m_Modifications:
    - target: {fileID: -9179062518308177788, guid: 51db2354862f9bd40bea9a89485751a0, type: 3}
      propertyPath: m_LocalPosition.x
      value: 0
      objectReference: {fileID: 0}
    - target: {fileID: -9179062518308177788, guid: 51db2354862f9bd40bea9a89485751a0, type: 3}
      propertyPath: m_LocalPosition.y
      value: 0
      objectReference: {fileID: 0}
    - target: {fileID: -9179062518308177788, guid: 51db2354862f9bd40bea9a89485751a0, type: 3}
      propertyPath: m_LocalPosition.z
      value: 0
      objectReference: {fileID: 0}
    - target: {fileID: -9179062518308177788, guid: 51db2354862f9bd40bea9a89485751a0, type: 3}
      propertyPath: m_LocalRotation.w
      value: 1
      objectReference: {fileID: 0}
    - target: {fileID: -9179062518308177788, guid: 51db2354862f9bd40bea9a89485751a0, type: 3}
      propertyPath: m_LocalRotation.x
      value: 0
      objectReference: {fileID: 0}
    - target: {fileID: -9179062518308177788, guid: 51db2354862f9bd40bea9a89485751a0, type: 3}
      propertyPath: m_LocalRotation.y
      value: 0
      objectReference: {fileID: 0}
    - target: {fileID: -9179062518308177788, guid: 51db2354862f9bd40bea9a89485751a0, type: 3}
      propertyPath: m_LocalRotation.z
      value: 0
      objectReference: {fileID: 0}
    - target: {fileID: -9179062518308177788, guid: 51db2354862f9bd40bea9a89485751a0, type: 3}
      propertyPath: m_LocalEulerAnglesHint.x
      value: 0
      objectReference: {fileID: 0}
    - target: {fileID: -9179062518308177788, guid: 51db2354862f9bd40bea9a89485751a0, type: 3}
      propertyPath: m_LocalEulerAnglesHint.y
      value: 0
      objectReference: {fileID: 0}
    - target: {fileID: -8679921383154817045, guid: 51db2354862f9bd40bea9a89485751a0, type: 3}
      propertyPath: m_RootOrder
      value: 1
      objectReference: {fileID: 0}
    - target: {fileID: -8679921383154817045, guid: 51db2354862f9bd40bea9a89485751a0, type: 3}
      propertyPath: m_LocalPosition.x
      value: 0.026
      objectReference: {fileID: 0}
    - target: {fileID: -8679921383154817045, guid: 51db2354862f9bd40bea9a89485751a0, type: 3}
      propertyPath: m_LocalPosition.y
      value: 0.255
      objectReference: {fileID: 0}
    - target: {fileID: -8679921383154817045, guid: 51db2354862f9bd40bea9a89485751a0, type: 3}
      propertyPath: m_LocalPosition.z
      value: -0.2406676
      objectReference: {fileID: 0}
    - target: {fileID: -8679921383154817045, guid: 51db2354862f9bd40bea9a89485751a0, type: 3}
      propertyPath: m_LocalRotation.w
      value: -0.000106111154
      objectReference: {fileID: 0}
    - target: {fileID: -8679921383154817045, guid: 51db2354862f9bd40bea9a89485751a0, type: 3}
      propertyPath: m_LocalRotation.x
      value: 0.00003558397
      objectReference: {fileID: 0}
    - target: {fileID: -8679921383154817045, guid: 51db2354862f9bd40bea9a89485751a0, type: 3}
      propertyPath: m_LocalRotation.y
      value: -0.31953892
      objectReference: {fileID: 0}
    - target: {fileID: -8679921383154817045, guid: 51db2354862f9bd40bea9a89485751a0, type: 3}
      propertyPath: m_LocalRotation.z
      value: -0.9475731
      objectReference: {fileID: 0}
    - target: {fileID: -8679921383154817045, guid: 51db2354862f9bd40bea9a89485751a0, type: 3}
      propertyPath: m_LocalEulerAnglesHint.x
      value: -37.27
      objectReference: {fileID: 0}
    - target: {fileID: -8679921383154817045, guid: 51db2354862f9bd40bea9a89485751a0, type: 3}
      propertyPath: m_LocalEulerAnglesHint.y
      value: 0
      objectReference: {fileID: 0}
    - target: {fileID: -8679921383154817045, guid: 51db2354862f9bd40bea9a89485751a0, type: 3}
      propertyPath: m_LocalEulerAnglesHint.z
      value: -180.013
      objectReference: {fileID: 0}
    - target: {fileID: -4373592168899352408, guid: 51db2354862f9bd40bea9a89485751a0, type: 3}
      propertyPath: m_Materials.Array.data[0]
      value: 
      objectReference: {fileID: 2100000, guid: fca3ce6904fd44246ba4248031219db7, type: 2}
    - target: {fileID: 919132149155446097, guid: 51db2354862f9bd40bea9a89485751a0, type: 3}
      propertyPath: m_Name
      value: hands_tsikla_r
      objectReference: {fileID: 0}
    - target: {fileID: 919132149155446097, guid: 51db2354862f9bd40bea9a89485751a0, type: 3}
      propertyPath: m_IsActive
      value: 0
      objectReference: {fileID: 0}
    m_RemovedComponents: []
  m_SourcePrefab: {fileID: 100100000, guid: 51db2354862f9bd40bea9a89485751a0, type: 3}
--- !u!1 &3464686507967990484 stripped
GameObject:
  m_CorrespondingSourceObject: {fileID: 919132149155446097, guid: 51db2354862f9bd40bea9a89485751a0, type: 3}
  m_PrefabInstance: {fileID: 4383238100890449797}
  m_PrefabAsset: {fileID: 0}
--- !u!4 &4278097116224884846 stripped
Transform:
  m_CorrespondingSourceObject: {fileID: -8679921383154817045, guid: 51db2354862f9bd40bea9a89485751a0, type: 3}
  m_PrefabInstance: {fileID: 4383238100890449797}
  m_PrefabAsset: {fileID: 0}
--- !u!1001 &8356789470244139518
PrefabInstance:
  m_ObjectHideFlags: 0
  serializedVersion: 2
  m_Modification:
    m_TransformParent: {fileID: 1402938873121814944}
    m_Modifications:
    - target: {fileID: -8679921383154817045, guid: ef8a1d5c7d15d9d4f801305bc228bc07, type: 3}
      propertyPath: m_RootOrder
      value: 0
      objectReference: {fileID: 0}
    - target: {fileID: -8679921383154817045, guid: ef8a1d5c7d15d9d4f801305bc228bc07, type: 3}
      propertyPath: m_LocalPosition.x
      value: -0.011700063
      objectReference: {fileID: 0}
    - target: {fileID: -8679921383154817045, guid: ef8a1d5c7d15d9d4f801305bc228bc07, type: 3}
      propertyPath: m_LocalPosition.y
      value: 0.22910747
      objectReference: {fileID: 0}
    - target: {fileID: -8679921383154817045, guid: ef8a1d5c7d15d9d4f801305bc228bc07, type: 3}
      propertyPath: m_LocalPosition.z
      value: -0.2661289
      objectReference: {fileID: 0}
    - target: {fileID: -8679921383154817045, guid: ef8a1d5c7d15d9d4f801305bc228bc07, type: 3}
      propertyPath: m_LocalRotation.w
      value: -0.000103667364
      objectReference: {fileID: 0}
    - target: {fileID: -8679921383154817045, guid: ef8a1d5c7d15d9d4f801305bc228bc07, type: 3}
      propertyPath: m_LocalRotation.x
      value: 0.000042080876
      objectReference: {fileID: 0}
    - target: {fileID: -8679921383154817045, guid: ef8a1d5c7d15d9d4f801305bc228bc07, type: 3}
      propertyPath: m_LocalRotation.y
      value: -0.3776095
      objectReference: {fileID: 0}
    - target: {fileID: -8679921383154817045, guid: ef8a1d5c7d15d9d4f801305bc228bc07, type: 3}
      propertyPath: m_LocalRotation.z
      value: -0.92596495
      objectReference: {fileID: 0}
    - target: {fileID: -8679921383154817045, guid: ef8a1d5c7d15d9d4f801305bc228bc07, type: 3}
      propertyPath: m_LocalEulerAnglesHint.x
      value: -44.371
      objectReference: {fileID: 0}
    - target: {fileID: -8679921383154817045, guid: ef8a1d5c7d15d9d4f801305bc228bc07, type: 3}
      propertyPath: m_LocalEulerAnglesHint.y
      value: 0
      objectReference: {fileID: 0}
    - target: {fileID: -8679921383154817045, guid: ef8a1d5c7d15d9d4f801305bc228bc07, type: 3}
      propertyPath: m_LocalEulerAnglesHint.z
      value: -180.013
      objectReference: {fileID: 0}
    - target: {fileID: 919132149155446097, guid: ef8a1d5c7d15d9d4f801305bc228bc07, type: 3}
      propertyPath: m_Name
      value: hands_tsikla_l
      objectReference: {fileID: 0}
    - target: {fileID: 919132149155446097, guid: ef8a1d5c7d15d9d4f801305bc228bc07, type: 3}
      propertyPath: m_IsActive
      value: 0
      objectReference: {fileID: 0}
    - target: {fileID: 3623037877208060755, guid: ef8a1d5c7d15d9d4f801305bc228bc07, type: 3}
      propertyPath: m_Materials.Array.data[0]
      value: 
      objectReference: {fileID: 2100000, guid: fca3ce6904fd44246ba4248031219db7, type: 2}
    - target: {fileID: 7890248073910478919, guid: ef8a1d5c7d15d9d4f801305bc228bc07, type: 3}
      propertyPath: m_LocalPosition.x
      value: 0
      objectReference: {fileID: 0}
    - target: {fileID: 7890248073910478919, guid: ef8a1d5c7d15d9d4f801305bc228bc07, type: 3}
      propertyPath: m_LocalPosition.y
      value: 0
      objectReference: {fileID: 0}
    - target: {fileID: 7890248073910478919, guid: ef8a1d5c7d15d9d4f801305bc228bc07, type: 3}
      propertyPath: m_LocalPosition.z
      value: 0
      objectReference: {fileID: 0}
    - target: {fileID: 7890248073910478919, guid: ef8a1d5c7d15d9d4f801305bc228bc07, type: 3}
      propertyPath: m_LocalRotation.w
      value: 1
      objectReference: {fileID: 0}
    - target: {fileID: 7890248073910478919, guid: ef8a1d5c7d15d9d4f801305bc228bc07, type: 3}
      propertyPath: m_LocalRotation.x
      value: 0
      objectReference: {fileID: 0}
    - target: {fileID: 7890248073910478919, guid: ef8a1d5c7d15d9d4f801305bc228bc07, type: 3}
      propertyPath: m_LocalRotation.y
      value: 0
      objectReference: {fileID: 0}
    - target: {fileID: 7890248073910478919, guid: ef8a1d5c7d15d9d4f801305bc228bc07, type: 3}
      propertyPath: m_LocalRotation.z
      value: 0
      objectReference: {fileID: 0}
    - target: {fileID: 7890248073910478919, guid: ef8a1d5c7d15d9d4f801305bc228bc07, type: 3}
      propertyPath: m_LocalEulerAnglesHint.x
      value: 0
      objectReference: {fileID: 0}
    - target: {fileID: 7890248073910478919, guid: ef8a1d5c7d15d9d4f801305bc228bc07, type: 3}
      propertyPath: m_LocalEulerAnglesHint.y
      value: 0
      objectReference: {fileID: 0}
    m_RemovedComponents: []
  m_SourcePrefab: {fileID: 100100000, guid: ef8a1d5c7d15d9d4f801305bc228bc07, type: 3}
--- !u!1 &9167128095129160879 stripped
GameObject:
  m_CorrespondingSourceObject: {fileID: 919132149155446097, guid: ef8a1d5c7d15d9d4f801305bc228bc07, type: 3}
  m_PrefabInstance: {fileID: 8356789470244139518}
  m_PrefabAsset: {fileID: 0}
--- !u!4 &8391330641007678997 stripped
Transform:
  m_CorrespondingSourceObject: {fileID: -8679921383154817045, guid: ef8a1d5c7d15d9d4f801305bc228bc07, type: 3}
  m_PrefabInstance: {fileID: 8356789470244139518}
  m_PrefabAsset: {fileID: 0}
