%YAML 1.1
%TAG !u! tag:unity3d.com,2011:
--- !u!114 &6169872960801666756
MonoBehaviour:
  m_ObjectHideFlags: 0
  m_CorrespondingSourceObject: {fileID: 0}
  m_PrefabInstance: {fileID: 0}
  m_PrefabAsset: {fileID: 0}
  m_GameObject: {fileID: 1408808982566006951}
  m_Enabled: 1
  m_EditorHideFlags: 0
  m_Script: {fileID: 11500000, guid: 344445a89b4f74a0e9a0a766903df87e, type: 3}
  m_Name: 
  m_EditorClassIdentifier: 
  mTerm: general/decor/rus
  mTermSecondary: 
  PrimaryTermModifier: 0
  SecondaryTermModifier: 0
  TermPrefix: 
  TermSuffix: 
  LocalizeOnAwake: 1
  IgnoreRTL: 0
  MaxCharactersInRTL: 0
  IgnoreNumbersInRTL: 1
  CorrectAlignmentForRTL: 1
  AddSpacesToJoinedLanguages: 0
  AllowLocalizedParameters: 1
  TranslatedObjects: []
  LocalizeEvent:
    m_PersistentCalls:
      m_Calls: []
  AlwaysForceLocalize: 0
  LocalizeCallBack:
    Target: {fileID: 0}
    MethodName: 
  mGUI_ShowReferences: 0
  mGUI_ShowTems: 1
  mGUI_ShowCallback: 0
  mLocalizeTarget: {fileID: 0}
  mLocalizeTargetName: I2.Loc.LocalizeTarget_TextMeshPro_UGUI
--- !u!1 &4172200213352282242
GameObject:
  m_ObjectHideFlags: 0
  m_CorrespondingSourceObject: {fileID: 0}
  m_PrefabInstance: {fileID: 0}
  m_PrefabAsset: {fileID: 0}
  serializedVersion: 6
  m_Component:
  - component: {fileID: 4172200213352282241}
  - component: {fileID: 4172200213352282247}
  - component: {fileID: 4172200213352282240}
  - component: {fileID: 3966642127708026801}
  m_Layer: 5
  m_Name: Category
  m_TagString: Untagged
  m_Icon: {fileID: 0}
  m_NavMeshLayer: 0
  m_StaticEditorFlags: 0
  m_IsActive: 1
--- !u!224 &4172200213352282241
RectTransform:
  m_ObjectHideFlags: 0
  m_CorrespondingSourceObject: {fileID: 0}
  m_PrefabInstance: {fileID: 0}
  m_PrefabAsset: {fileID: 0}
  m_GameObject: {fileID: 4172200213352282242}
  m_LocalRotation: {x: 0, y: 0, z: 0, w: 1}
  m_LocalPosition: {x: 0, y: 0, z: 0}
  m_LocalScale: {x: 1, y: 1, z: 1}
  m_Children:
  - {fileID: 4233418969619047042}
  - {fileID: 4172200214686436768}
  m_Father: {fileID: 0}
  m_RootOrder: 0
  m_LocalEulerAnglesHint: {x: 0, y: 0, z: 0}
  m_AnchorMin: {x: 0, y: 0}
  m_AnchorMax: {x: 0, y: 0}
  m_AnchoredPosition: {x: 530, y: 0}
  m_SizeDelta: {x: 0, y: 0}
  m_Pivot: {x: 0.5, y: 0.5}
--- !u!114 &4172200213352282247
MonoBehaviour:
  m_ObjectHideFlags: 0
  m_CorrespondingSourceObject: {fileID: 0}
  m_PrefabInstance: {fileID: 0}
  m_PrefabAsset: {fileID: 0}
  m_GameObject: {fileID: 4172200213352282242}
  m_Enabled: 1
  m_EditorHideFlags: 0
  m_Script: {fileID: 11500000, guid: 59f8146938fff824cb5fd77236b75775, type: 3}
  m_Name: 
  m_EditorClassIdentifier: 
  m_Padding:
    m_Left: 0
    m_Right: 0
    m_Top: 0
    m_Bottom: 0
  m_ChildAlignment: 0
  m_Spacing: 16.1
  m_ChildForceExpandWidth: 1
  m_ChildForceExpandHeight: 1
  m_ChildControlWidth: 0
  m_ChildControlHeight: 0
  m_ChildScaleWidth: 0
  m_ChildScaleHeight: 0
  m_ReverseArrangement: 0
--- !u!114 &4172200213352282240
MonoBehaviour:
  m_ObjectHideFlags: 0
  m_CorrespondingSourceObject: {fileID: 0}
  m_PrefabInstance: {fileID: 0}
  m_PrefabAsset: {fileID: 0}
  m_GameObject: {fileID: 4172200213352282242}
  m_Enabled: 1
  m_EditorHideFlags: 0
  m_Script: {fileID: 11500000, guid: 3245ec927659c4140ac4f8d17403cc18, type: 3}
  m_Name: 
  m_EditorClassIdentifier: 
  m_HorizontalFit: 1
  m_VerticalFit: 2
--- !u!114 &3966642127708026801
MonoBehaviour:
  m_ObjectHideFlags: 0
  m_CorrespondingSourceObject: {fileID: 0}
  m_PrefabInstance: {fileID: 0}
  m_PrefabAsset: {fileID: 0}
  m_GameObject: {fileID: 4172200213352282242}
  m_Enabled: 1
  m_EditorHideFlags: 0
  m_Script: {fileID: 11500000, guid: a23952e090098314faa023e8a2f651fd, type: 3}
  m_Name: 
  m_EditorClassIdentifier: 
  _headerLocalize: {fileID: 6169872960801666756}
  header: {fileID: 6962662724780625025}
  itemContainer: {fileID: 4172200214686436768}
--- !u!1 &4172200214686436769
GameObject:
  m_ObjectHideFlags: 0
  m_CorrespondingSourceObject: {fileID: 0}
  m_PrefabInstance: {fileID: 0}
  m_PrefabAsset: {fileID: 0}
  serializedVersion: 6
  m_Component:
  - component: {fileID: 4172200214686436768}
  - component: {fileID: 4172200214686436774}
  - component: {fileID: 4172200214686436775}
  m_Layer: 5
  m_Name: Item Containter
  m_TagString: Untagged
  m_Icon: {fileID: 0}
  m_NavMeshLayer: 0
  m_StaticEditorFlags: 0
  m_IsActive: 1
--- !u!224 &4172200214686436768
RectTransform:
  m_ObjectHideFlags: 0
  m_CorrespondingSourceObject: {fileID: 0}
  m_PrefabInstance: {fileID: 0}
  m_PrefabAsset: {fileID: 0}
  m_GameObject: {fileID: 4172200214686436769}
  m_LocalRotation: {x: -0, y: -0, z: -0, w: 1}
  m_LocalPosition: {x: 0, y: 0, z: 0}
  m_LocalScale: {x: 1, y: 1, z: 1}
  m_Children: []
  m_Father: {fileID: 4172200213352282241}
  m_RootOrder: 1
  m_LocalEulerAnglesHint: {x: 0, y: 0, z: 0}
  m_AnchorMin: {x: 0, y: 0}
  m_AnchorMax: {x: 0, y: 0}
  m_AnchoredPosition: {x: 0, y: 0}
  m_SizeDelta: {x: 1060, y: 0}
  m_Pivot: {x: 0.5, y: 0.5}
--- !u!114 &4172200214686436774
MonoBehaviour:
  m_ObjectHideFlags: 0
  m_CorrespondingSourceObject: {fileID: 0}
  m_PrefabInstance: {fileID: 0}
  m_PrefabAsset: {fileID: 0}
  m_GameObject: {fileID: 4172200214686436769}
  m_Enabled: 1
  m_EditorHideFlags: 0
  m_Script: {fileID: 11500000, guid: 8a8695521f0d02e499659fee002a26c2, type: 3}
  m_Name: 
  m_EditorClassIdentifier: 
  m_Padding:
    m_Left: 30
    m_Right: 30
    m_Top: 30
    m_Bottom: 20
  m_ChildAlignment: 4
  m_StartCorner: 0
  m_StartAxis: 0
  m_CellSize: {x: 310, y: 473}
  m_Spacing: {x: 35, y: 35}
  m_Constraint: 1
  m_ConstraintCount: 3
--- !u!114 &4172200214686436775
MonoBehaviour:
  m_ObjectHideFlags: 0
  m_CorrespondingSourceObject: {fileID: 0}
  m_PrefabInstance: {fileID: 0}
  m_PrefabAsset: {fileID: 0}
  m_GameObject: {fileID: 4172200214686436769}
  m_Enabled: 1
  m_EditorHideFlags: 0
  m_Script: {fileID: 11500000, guid: 3245ec927659c4140ac4f8d17403cc18, type: 3}
  m_Name: 
  m_EditorClassIdentifier: 
  m_HorizontalFit: 0
  m_VerticalFit: 2
--- !u!1001 &4172200214277147233
PrefabInstance:
  m_ObjectHideFlags: 0
  serializedVersion: 2
  m_Modification:
    m_TransformParent: {fileID: 4172200213352282241}
    m_Modifications:
    - target: {fileID: 227011642553493731, guid: fd6a54e405b04614797a1271b07f5585, type: 3}
      propertyPath: m_Pivot.x
      value: 0.5
      objectReference: {fileID: 0}
    - target: {fileID: 227011642553493731, guid: fd6a54e405b04614797a1271b07f5585, type: 3}
      propertyPath: m_Pivot.y
      value: 0.5
      objectReference: {fileID: 0}
    - target: {fileID: 227011642553493731, guid: fd6a54e405b04614797a1271b07f5585, type: 3}
      propertyPath: m_RootOrder
      value: 0
      objectReference: {fileID: 0}
    - target: {fileID: 227011642553493731, guid: fd6a54e405b04614797a1271b07f5585, type: 3}
      propertyPath: m_AnchorMax.x
      value: 0
      objectReference: {fileID: 0}
    - target: {fileID: 227011642553493731, guid: fd6a54e405b04614797a1271b07f5585, type: 3}
      propertyPath: m_AnchorMax.y
      value: 0
      objectReference: {fileID: 0}
    - target: {fileID: 227011642553493731, guid: fd6a54e405b04614797a1271b07f5585, type: 3}
      propertyPath: m_AnchorMin.x
      value: 0
      objectReference: {fileID: 0}
    - target: {fileID: 227011642553493731, guid: fd6a54e405b04614797a1271b07f5585, type: 3}
      propertyPath: m_AnchorMin.y
      value: 0
      objectReference: {fileID: 0}
    - target: {fileID: 227011642553493731, guid: fd6a54e405b04614797a1271b07f5585, type: 3}
      propertyPath: m_SizeDelta.x
      value: 1060
      objectReference: {fileID: 0}
    - target: {fileID: 227011642553493731, guid: fd6a54e405b04614797a1271b07f5585, type: 3}
      propertyPath: m_SizeDelta.y
      value: 120
      objectReference: {fileID: 0}
    - target: {fileID: 227011642553493731, guid: fd6a54e405b04614797a1271b07f5585, type: 3}
      propertyPath: m_LocalPosition.x
      value: 0
      objectReference: {fileID: 0}
    - target: {fileID: 227011642553493731, guid: fd6a54e405b04614797a1271b07f5585, type: 3}
      propertyPath: m_LocalPosition.y
      value: 0
      objectReference: {fileID: 0}
    - target: {fileID: 227011642553493731, guid: fd6a54e405b04614797a1271b07f5585, type: 3}
      propertyPath: m_LocalPosition.z
      value: 0
      objectReference: {fileID: 0}
    - target: {fileID: 227011642553493731, guid: fd6a54e405b04614797a1271b07f5585, type: 3}
      propertyPath: m_LocalRotation.w
      value: 1
      objectReference: {fileID: 0}
    - target: {fileID: 227011642553493731, guid: fd6a54e405b04614797a1271b07f5585, type: 3}
      propertyPath: m_LocalRotation.x
      value: -0
      objectReference: {fileID: 0}
    - target: {fileID: 227011642553493731, guid: fd6a54e405b04614797a1271b07f5585, type: 3}
      propertyPath: m_LocalRotation.y
      value: -0
      objectReference: {fileID: 0}
    - target: {fileID: 227011642553493731, guid: fd6a54e405b04614797a1271b07f5585, type: 3}
      propertyPath: m_LocalRotation.z
      value: -0
      objectReference: {fileID: 0}
    - target: {fileID: 227011642553493731, guid: fd6a54e405b04614797a1271b07f5585, type: 3}
      propertyPath: m_AnchoredPosition.x
      value: 0
      objectReference: {fileID: 0}
    - target: {fileID: 227011642553493731, guid: fd6a54e405b04614797a1271b07f5585, type: 3}
      propertyPath: m_AnchoredPosition.y
      value: 0
      objectReference: {fileID: 0}
    - target: {fileID: 227011642553493731, guid: fd6a54e405b04614797a1271b07f5585, type: 3}
      propertyPath: m_LocalEulerAnglesHint.x
      value: 0
      objectReference: {fileID: 0}
    - target: {fileID: 227011642553493731, guid: fd6a54e405b04614797a1271b07f5585, type: 3}
      propertyPath: m_LocalEulerAnglesHint.y
      value: 0
      objectReference: {fileID: 0}
    - target: {fileID: 227011642553493731, guid: fd6a54e405b04614797a1271b07f5585, type: 3}
      propertyPath: m_LocalEulerAnglesHint.z
      value: 0
      objectReference: {fileID: 0}
    - target: {fileID: 3056740952261900998, guid: fd6a54e405b04614797a1271b07f5585, type: 3}
      propertyPath: m_Name
      value: '[Text] Header'
      objectReference: {fileID: 0}
    - target: {fileID: 3235949914475951809, guid: fd6a54e405b04614797a1271b07f5585, type: 3}
      propertyPath: m_Name
      value: Header
      objectReference: {fileID: 0}
    - target: {fileID: 4214804731587220066, guid: fd6a54e405b04614797a1271b07f5585, type: 3}
      propertyPath: radius
      value: 100
      objectReference: {fileID: 0}
    - target: {fileID: 6433103061877212896, guid: fd6a54e405b04614797a1271b07f5585, type: 3}
      propertyPath: m_text
      value: "\u0440\u0443\u0441\u0441\u043A\u0438\u0435 \u0438\u0437\u0434\u0435\u043B\u0438\u044F"
      objectReference: {fileID: 0}
    - target: {fileID: 6433103061877212896, guid: fd6a54e405b04614797a1271b07f5585, type: 3}
      propertyPath: m_fontStyle
      value: 17
      objectReference: {fileID: 0}
    - target: {fileID: 6433103061877212896, guid: fd6a54e405b04614797a1271b07f5585, type: 3}
      propertyPath: m_sharedMaterial
      value: 
      objectReference: {fileID: -4218891459029621368, guid: 97b0cb1fb82f94cb6b71063b4241858a, type: 2}
    - target: {fileID: 6433103061877212896, guid: fd6a54e405b04614797a1271b07f5585, type: 3}
      propertyPath: m_characterSpacing
      value: -5
      objectReference: {fileID: 0}
    - target: {fileID: 7621459078485173754, guid: fd6a54e405b04614797a1271b07f5585, type: 3}
      propertyPath: falloffDistance
      value: 0
      objectReference: {fileID: 0}
    m_RemovedComponents: []
  m_SourcePrefab: {fileID: 100100000, guid: fd6a54e405b04614797a1271b07f5585, type: 3}
--- !u!224 &4233418969619047042 stripped
RectTransform:
  m_CorrespondingSourceObject: {fileID: 227011642553493731, guid: fd6a54e405b04614797a1271b07f5585, type: 3}
  m_PrefabInstance: {fileID: 4172200214277147233}
  m_PrefabAsset: {fileID: 0}
--- !u!1 &1408808982566006951 stripped
GameObject:
  m_CorrespondingSourceObject: {fileID: 3056740952261900998, guid: fd6a54e405b04614797a1271b07f5585, type: 3}
  m_PrefabInstance: {fileID: 4172200214277147233}
  m_PrefabAsset: {fileID: 0}
--- !u!114 &6962662724780625025 stripped
MonoBehaviour:
  m_CorrespondingSourceObject: {fileID: 6433103061877212896, guid: fd6a54e405b04614797a1271b07f5585, type: 3}
  m_PrefabInstance: {fileID: 4172200214277147233}
  m_PrefabAsset: {fileID: 0}
  m_GameObject: {fileID: 1408808982566006951}
  m_Enabled: 1
  m_EditorHideFlags: 0
  m_Script: {fileID: 11500000, guid: f4688fdb7df04437aeb418b961361dc5, type: 3}
  m_Name: 
  m_EditorClassIdentifier: 
