%YAML 1.1
%TAG !u! tag:unity3d.com,2011:
--- !u!29 &1
OcclusionCullingSettings:
  m_ObjectHideFlags: 0
  serializedVersion: 2
  m_OcclusionBakeSettings:
    smallestOccluder: 5
    smallestHole: 0.25
    backfaceThreshold: 100
  m_SceneGUID: 00000000000000000000000000000000
  m_OcclusionCullingData: {fileID: 0}
--- !u!104 &2
RenderSettings:
  m_ObjectHideFlags: 0
  serializedVersion: 9
  m_Fog: 0
  m_FogColor: {r: 0.5, g: 0.5, b: 0.5, a: 1}
  m_FogMode: 3
  m_FogDensity: 0.01
  m_LinearFogStart: 0
  m_LinearFogEnd: 300
  m_AmbientSkyColor: {r: 1, g: 1, b: 1, a: 1}
  m_AmbientEquatorColor: {r: 0.114, g: 0.125, b: 0.133, a: 1}
  m_AmbientGroundColor: {r: 0, g: 0, b: 0, a: 1}
  m_AmbientIntensity: 1
  m_AmbientMode: 1
  m_SubtractiveShadowColor: {r: 0.42, g: 0.478, b: 0.627, a: 1}
  m_SkyboxMaterial: {fileID: 2100000, guid: a2ad27811f4a3754191a4d4be4fbcd0a, type: 2}
  m_HaloStrength: 0.5
  m_FlareStrength: 1
  m_FlareFadeSpeed: 3
  m_HaloTexture: {fileID: 0}
  m_SpotCookie: {fileID: 10001, guid: 0000000000000000e000000000000000, type: 0}
  m_DefaultReflectionMode: 0
  m_DefaultReflectionResolution: 128
  m_ReflectionBounces: 1
  m_ReflectionIntensity: 1
  m_CustomReflection: {fileID: 0}
  m_Sun: {fileID: 0}
  m_IndirectSpecularColor: {r: 0, g: 0, b: 0, a: 1}
  m_UseRadianceAmbientProbe: 0
--- !u!157 &3
LightmapSettings:
  m_ObjectHideFlags: 0
  serializedVersion: 12
  m_GIWorkflowMode: 1
  m_GISettings:
    serializedVersion: 2
    m_BounceScale: 1
    m_IndirectOutputScale: 1
    m_AlbedoBoost: 1
    m_EnvironmentLightingMode: 0
    m_EnableBakedLightmaps: 1
    m_EnableRealtimeLightmaps: 0
  m_LightmapEditorSettings:
    serializedVersion: 12
    m_Resolution: 2
    m_BakeResolution: 40
    m_AtlasSize: 1024
    m_AO: 0
    m_AOMaxDistance: 1
    m_CompAOExponent: 1
    m_CompAOExponentDirect: 0
    m_ExtractAmbientOcclusion: 0
    m_Padding: 2
    m_LightmapParameters: {fileID: 0}
    m_LightmapsBakeMode: 1
    m_TextureCompression: 1
    m_FinalGather: 0
    m_FinalGatherFiltering: 1
    m_FinalGatherRayCount: 256
    m_ReflectionCompression: 2
    m_MixedBakeMode: 2
    m_BakeBackend: 1
    m_PVRSampling: 1
    m_PVRDirectSampleCount: 32
    m_PVRSampleCount: 512
    m_PVRBounces: 2
    m_PVREnvironmentSampleCount: 256
    m_PVREnvironmentReferencePointCount: 2048
    m_PVRFilteringMode: 1
    m_PVRDenoiserTypeDirect: 1
    m_PVRDenoiserTypeIndirect: 1
    m_PVRDenoiserTypeAO: 1
    m_PVRFilterTypeDirect: 0
    m_PVRFilterTypeIndirect: 0
    m_PVRFilterTypeAO: 0
    m_PVREnvironmentMIS: 1
    m_PVRCulling: 1
    m_PVRFilteringGaussRadiusDirect: 1
    m_PVRFilteringGaussRadiusIndirect: 5
    m_PVRFilteringGaussRadiusAO: 2
    m_PVRFilteringAtrousPositionSigmaDirect: 0.5
    m_PVRFilteringAtrousPositionSigmaIndirect: 2
    m_PVRFilteringAtrousPositionSigmaAO: 1
    m_ExportTrainingData: 0
    m_TrainingDataDestination: TrainingData
    m_LightProbeSampleCountMultiplier: 4
  m_LightingDataAsset: {fileID: 112000000, guid: 4e0944efa36aa3345862f5d47be20362, type: 2}
  m_LightingSettings: {fileID: 4890085278179872738, guid: e6e0360161073ac468752e83876c496e, type: 2}
--- !u!196 &4
NavMeshSettings:
  serializedVersion: 2
  m_ObjectHideFlags: 0
  m_BuildSettings:
    serializedVersion: 2
    agentTypeID: 0
    agentRadius: 0.5
    agentHeight: 2
    agentSlope: 45
    agentClimb: 0.4
    ledgeDropHeight: 0
    maxJumpAcrossDistance: 0
    minRegionArea: 2
    manualCellSize: 0
    cellSize: 0.16666667
    manualTileSize: 0
    tileSize: 256
    accuratePlacement: 0
    maxJobWorkers: 0
    preserveTilesOutsideBounds: 0
    debug:
      m_Flags: 0
  m_NavMeshData: {fileID: 0}
--- !u!4 &183767384 stripped
Transform:
  m_CorrespondingSourceObject: {fileID: 1462324890594904989, guid: 7291521cc832b46f5b42b172c4342431, type: 3}
  m_PrefabInstance: {fileID: 2124074069}
  m_PrefabAsset: {fileID: 0}
--- !u!114 &281156246 stripped
MonoBehaviour:
  m_CorrespondingSourceObject: {fileID: 7543213149948173339, guid: 7291521cc832b46f5b42b172c4342431, type: 3}
  m_PrefabInstance: {fileID: 2124074069}
  m_PrefabAsset: {fileID: 0}
  m_GameObject: {fileID: 0}
  m_Enabled: 1
  m_EditorHideFlags: 0
  m_Script: {fileID: 11500000, guid: f4688fdb7df04437aeb418b961361dc5, type: 3}
  m_Name: 
  m_EditorClassIdentifier: 
--- !u!1 &598391971 stripped
GameObject:
  m_CorrespondingSourceObject: {fileID: 5657639843309788033, guid: 7291521cc832b46f5b42b172c4342431, type: 3}
  m_PrefabInstance: {fileID: 2124074069}
  m_PrefabAsset: {fileID: 0}
--- !u!114 &598391972
MonoBehaviour:
  m_ObjectHideFlags: 0
  m_CorrespondingSourceObject: {fileID: 0}
  m_PrefabInstance: {fileID: 0}
  m_PrefabAsset: {fileID: 0}
  m_GameObject: {fileID: 598391971}
  m_Enabled: 1
  m_EditorHideFlags: 0
  m_Script: {fileID: 11500000, guid: 1ae632b29de44af1b38579af06c1e37d, type: 3}
  m_Name: 
  m_EditorClassIdentifier: 
  _components:
  - {fileID: 598391973}
--- !u!114 &598391973
MonoBehaviour:
  m_ObjectHideFlags: 0
  m_CorrespondingSourceObject: {fileID: 0}
  m_PrefabInstance: {fileID: 0}
  m_PrefabAsset: {fileID: 0}
  m_GameObject: {fileID: 598391971}
  m_Enabled: 1
  m_EditorHideFlags: 0
  m_Script: {fileID: 11500000, guid: d93a766d290fe5d4bbe7f322ec277a2d, type: 3}
  m_Name: 
  m_EditorClassIdentifier: 
  _event: {fileID: 1518760537}
  _buttonSoundPrefab: {fileID: 3449339871739055411, guid: 9cc035168f5915348bd5e232673e6c95, type: 3}
  _buttonClips: {fileID: 11400000, guid: adfa2c93fa457e746b2ce0c86d0f06c0, type: 2}
--- !u!114 &1518760537 stripped
MonoBehaviour:
  m_CorrespondingSourceObject: {fileID: 1462324891357366261, guid: 7291521cc832b46f5b42b172c4342431, type: 3}
  m_PrefabInstance: {fileID: 2124074069}
  m_PrefabAsset: {fileID: 0}
  m_GameObject: {fileID: 0}
  m_Enabled: 1
  m_EditorHideFlags: 0
  m_Script: {fileID: 11500000, guid: 2147a51df7336254c948debf11857c52, type: 3}
  m_Name: 
  m_EditorClassIdentifier: 
--- !u!114 &1697814085
MonoBehaviour:
  m_ObjectHideFlags: 0
  m_CorrespondingSourceObject: {fileID: 0}
  m_PrefabInstance: {fileID: 0}
  m_PrefabAsset: {fileID: 0}
  m_GameObject: {fileID: 0}
  m_Enabled: 1
  m_EditorHideFlags: 0
  m_Script: {fileID: 11500000, guid: 481ab606793a67349be805c13febeba0, type: 3}
  m_Name: 
  m_EditorClassIdentifier: 
  mTarget: {fileID: 281156246}
  mAlignment_RTL: 514
  mAlignment_LTR: 514
  mAlignmentWasRTL: 0
  mInitializeAlignment: 0
--- !u!114 &1808501211
MonoBehaviour:
  m_ObjectHideFlags: 0
  m_CorrespondingSourceObject: {fileID: 0}
  m_PrefabInstance: {fileID: 0}
  m_PrefabAsset: {fileID: 0}
  m_GameObject: {fileID: 0}
  m_Enabled: 1
  m_EditorHideFlags: 0
  m_Script: {fileID: 11500000, guid: d96a6c3ea7d28744aacc367115a71af5, type: 3}
  m_Name: 
  m_EditorClassIdentifier: 
  mTarget: {fileID: 7540550890370020345}
--- !u!1001 &2124074069
PrefabInstance:
  m_ObjectHideFlags: 0
  serializedVersion: 2
  m_Modification:
    m_TransformParent: {fileID: 0}
    m_Modifications:
    - target: {fileID: 490312869, guid: 7291521cc832b46f5b42b172c4342431, type: 3}
      propertyPath: m_RootOrder
      value: 10
      objectReference: {fileID: 0}
    - target: {fileID: 212008317786328282, guid: 7291521cc832b46f5b42b172c4342431, type: 3}
      propertyPath: _components.Array.data[0]
      value: 
      objectReference: {fileID: 0}
    - target: {fileID: 732356471335333353, guid: 7291521cc832b46f5b42b172c4342431, type: 3}
      propertyPath: m_IsActive
      value: 0
      objectReference: {fileID: 0}
    - target: {fileID: 1440550608005339376, guid: 7291521cc832b46f5b42b172c4342431, type: 3}
      propertyPath: m_AnchorMax.y
      value: 0
      objectReference: {fileID: 0}
    - target: {fileID: 1440550608005339376, guid: 7291521cc832b46f5b42b172c4342431, type: 3}
      propertyPath: m_AnchorMin.y
      value: 0
      objectReference: {fileID: 0}
    - target: {fileID: 1440550608005339376, guid: 7291521cc832b46f5b42b172c4342431, type: 3}
      propertyPath: m_SizeDelta.x
      value: 0
      objectReference: {fileID: 0}
    - target: {fileID: 1440550608005339376, guid: 7291521cc832b46f5b42b172c4342431, type: 3}
      propertyPath: m_SizeDelta.y
      value: 0
      objectReference: {fileID: 0}
    - target: {fileID: 1440550608005339376, guid: 7291521cc832b46f5b42b172c4342431, type: 3}
      propertyPath: m_AnchoredPosition.x
      value: 0
      objectReference: {fileID: 0}
    - target: {fileID: 1440550608005339376, guid: 7291521cc832b46f5b42b172c4342431, type: 3}
      propertyPath: m_AnchoredPosition.y
      value: 0
      objectReference: {fileID: 0}
    - target: {fileID: 1462324890594904986, guid: 7291521cc832b46f5b42b172c4342431, type: 3}
      propertyPath: m_Name
      value: --- HUB Functional ---
      objectReference: {fileID: 0}
    - target: {fileID: 1462324890594904989, guid: 7291521cc832b46f5b42b172c4342431, type: 3}
      propertyPath: m_RootOrder
      value: 0
      objectReference: {fileID: 0}
    - target: {fileID: 1462324890594904989, guid: 7291521cc832b46f5b42b172c4342431, type: 3}
      propertyPath: m_LocalPosition.x
      value: 0
      objectReference: {fileID: 0}
    - target: {fileID: 1462324890594904989, guid: 7291521cc832b46f5b42b172c4342431, type: 3}
      propertyPath: m_LocalPosition.y
      value: 0
      objectReference: {fileID: 0}
    - target: {fileID: 1462324890594904989, guid: 7291521cc832b46f5b42b172c4342431, type: 3}
      propertyPath: m_LocalPosition.z
      value: 0
      objectReference: {fileID: 0}
    - target: {fileID: 1462324890594904989, guid: 7291521cc832b46f5b42b172c4342431, type: 3}
      propertyPath: m_LocalRotation.w
      value: 1
      objectReference: {fileID: 0}
    - target: {fileID: 1462324890594904989, guid: 7291521cc832b46f5b42b172c4342431, type: 3}
      propertyPath: m_LocalRotation.x
      value: 0
      objectReference: {fileID: 0}
    - target: {fileID: 1462324890594904989, guid: 7291521cc832b46f5b42b172c4342431, type: 3}
      propertyPath: m_LocalRotation.y
      value: 0
      objectReference: {fileID: 0}
    - target: {fileID: 1462324890594904989, guid: 7291521cc832b46f5b42b172c4342431, type: 3}
      propertyPath: m_LocalRotation.z
      value: 0
      objectReference: {fileID: 0}
    - target: {fileID: 1462324890594904989, guid: 7291521cc832b46f5b42b172c4342431, type: 3}
      propertyPath: m_LocalEulerAnglesHint.x
      value: 0
      objectReference: {fileID: 0}
    - target: {fileID: 1462324890594904989, guid: 7291521cc832b46f5b42b172c4342431, type: 3}
      propertyPath: m_LocalEulerAnglesHint.y
      value: 0
      objectReference: {fileID: 0}
    - target: {fileID: 1462324890594904989, guid: 7291521cc832b46f5b42b172c4342431, type: 3}
      propertyPath: m_LocalEulerAnglesHint.z
      value: 0
      objectReference: {fileID: 0}
    - target: {fileID: 1462324891337965669, guid: 7291521cc832b46f5b42b172c4342431, type: 3}
      propertyPath: m_AnchorMax.y
      value: 0
      objectReference: {fileID: 0}
    - target: {fileID: 1462324891337965669, guid: 7291521cc832b46f5b42b172c4342431, type: 3}
      propertyPath: m_AnchorMin.y
      value: 0
      objectReference: {fileID: 0}
    - target: {fileID: 1462324891337965669, guid: 7291521cc832b46f5b42b172c4342431, type: 3}
      propertyPath: m_SizeDelta.x
      value: 0
      objectReference: {fileID: 0}
    - target: {fileID: 1462324891337965669, guid: 7291521cc832b46f5b42b172c4342431, type: 3}
      propertyPath: m_SizeDelta.y
      value: 0
      objectReference: {fileID: 0}
    - target: {fileID: 1462324891337965669, guid: 7291521cc832b46f5b42b172c4342431, type: 3}
      propertyPath: m_AnchoredPosition.x
      value: 0
      objectReference: {fileID: 0}
    - target: {fileID: 1462324891337965669, guid: 7291521cc832b46f5b42b172c4342431, type: 3}
      propertyPath: m_AnchoredPosition.y
      value: 0
      objectReference: {fileID: 0}
    - target: {fileID: 1462324891337966779, guid: 7291521cc832b46f5b42b172c4342431, type: 3}
      propertyPath: m_AnchorMax.y
      value: 0
      objectReference: {fileID: 0}
    - target: {fileID: 1462324891337966779, guid: 7291521cc832b46f5b42b172c4342431, type: 3}
      propertyPath: m_AnchorMin.y
      value: 0
      objectReference: {fileID: 0}
    - target: {fileID: 1462324891337966779, guid: 7291521cc832b46f5b42b172c4342431, type: 3}
      propertyPath: m_SizeDelta.x
      value: 0
      objectReference: {fileID: 0}
    - target: {fileID: 1462324891337966779, guid: 7291521cc832b46f5b42b172c4342431, type: 3}
      propertyPath: m_SizeDelta.y
      value: 0
      objectReference: {fileID: 0}
    - target: {fileID: 1462324891337966779, guid: 7291521cc832b46f5b42b172c4342431, type: 3}
      propertyPath: m_AnchoredPosition.x
      value: 0
      objectReference: {fileID: 0}
    - target: {fileID: 1462324891337966779, guid: 7291521cc832b46f5b42b172c4342431, type: 3}
      propertyPath: m_AnchoredPosition.y
      value: 0
      objectReference: {fileID: 0}
    - target: {fileID: 1462324891337967087, guid: 7291521cc832b46f5b42b172c4342431, type: 3}
      propertyPath: m_AnchorMax.y
      value: 0
      objectReference: {fileID: 0}
    - target: {fileID: 1462324891337967087, guid: 7291521cc832b46f5b42b172c4342431, type: 3}
      propertyPath: m_AnchorMin.y
      value: 0
      objectReference: {fileID: 0}
    - target: {fileID: 1462324891337967087, guid: 7291521cc832b46f5b42b172c4342431, type: 3}
      propertyPath: m_SizeDelta.x
      value: 0
      objectReference: {fileID: 0}
    - target: {fileID: 1462324891337967087, guid: 7291521cc832b46f5b42b172c4342431, type: 3}
      propertyPath: m_SizeDelta.y
      value: 0
      objectReference: {fileID: 0}
    - target: {fileID: 1462324891337967087, guid: 7291521cc832b46f5b42b172c4342431, type: 3}
      propertyPath: m_AnchoredPosition.x
      value: 0
      objectReference: {fileID: 0}
    - target: {fileID: 1462324891337967087, guid: 7291521cc832b46f5b42b172c4342431, type: 3}
      propertyPath: m_AnchoredPosition.y
      value: 0
      objectReference: {fileID: 0}
    - target: {fileID: 1462324891337968949, guid: 7291521cc832b46f5b42b172c4342431, type: 3}
      propertyPath: m_AnchorMax.y
      value: 0
      objectReference: {fileID: 0}
    - target: {fileID: 1462324891337968949, guid: 7291521cc832b46f5b42b172c4342431, type: 3}
      propertyPath: m_AnchorMin.y
      value: 0
      objectReference: {fileID: 0}
    - target: {fileID: 1462324891337968949, guid: 7291521cc832b46f5b42b172c4342431, type: 3}
      propertyPath: m_SizeDelta.x
      value: 0
      objectReference: {fileID: 0}
    - target: {fileID: 1462324891337968949, guid: 7291521cc832b46f5b42b172c4342431, type: 3}
      propertyPath: m_SizeDelta.y
      value: 0
      objectReference: {fileID: 0}
    - target: {fileID: 1462324891337968949, guid: 7291521cc832b46f5b42b172c4342431, type: 3}
      propertyPath: m_AnchoredPosition.x
      value: 0
      objectReference: {fileID: 0}
    - target: {fileID: 1462324891337968949, guid: 7291521cc832b46f5b42b172c4342431, type: 3}
      propertyPath: m_AnchoredPosition.y
      value: 0
      objectReference: {fileID: 0}
    - target: {fileID: 1462324891337973921, guid: 7291521cc832b46f5b42b172c4342431, type: 3}
      propertyPath: m_AnchorMax.y
      value: 0
      objectReference: {fileID: 0}
    - target: {fileID: 1462324891337973921, guid: 7291521cc832b46f5b42b172c4342431, type: 3}
      propertyPath: m_AnchorMin.y
      value: 0
      objectReference: {fileID: 0}
    - target: {fileID: 1462324891337973921, guid: 7291521cc832b46f5b42b172c4342431, type: 3}
      propertyPath: m_SizeDelta.x
      value: 0
      objectReference: {fileID: 0}
    - target: {fileID: 1462324891337973921, guid: 7291521cc832b46f5b42b172c4342431, type: 3}
      propertyPath: m_SizeDelta.y
      value: 0
      objectReference: {fileID: 0}
    - target: {fileID: 1462324891337973921, guid: 7291521cc832b46f5b42b172c4342431, type: 3}
      propertyPath: m_AnchoredPosition.x
      value: 0
      objectReference: {fileID: 0}
    - target: {fileID: 1462324891337973921, guid: 7291521cc832b46f5b42b172c4342431, type: 3}
      propertyPath: m_AnchoredPosition.y
      value: 0
      objectReference: {fileID: 0}
    - target: {fileID: 1462324891337976705, guid: 7291521cc832b46f5b42b172c4342431, type: 3}
      propertyPath: m_AnchorMax.y
      value: 0
      objectReference: {fileID: 0}
    - target: {fileID: 1462324891337976705, guid: 7291521cc832b46f5b42b172c4342431, type: 3}
      propertyPath: m_AnchorMin.y
      value: 0
      objectReference: {fileID: 0}
    - target: {fileID: 1462324891337976705, guid: 7291521cc832b46f5b42b172c4342431, type: 3}
      propertyPath: m_SizeDelta.x
      value: 0
      objectReference: {fileID: 0}
    - target: {fileID: 1462324891337976705, guid: 7291521cc832b46f5b42b172c4342431, type: 3}
      propertyPath: m_SizeDelta.y
      value: 0
      objectReference: {fileID: 0}
    - target: {fileID: 1462324891337976705, guid: 7291521cc832b46f5b42b172c4342431, type: 3}
      propertyPath: m_AnchoredPosition.x
      value: 0
      objectReference: {fileID: 0}
    - target: {fileID: 1462324891337976705, guid: 7291521cc832b46f5b42b172c4342431, type: 3}
      propertyPath: m_AnchoredPosition.y
      value: 0
      objectReference: {fileID: 0}
    - target: {fileID: 1462324891338016341, guid: 7291521cc832b46f5b42b172c4342431, type: 3}
      propertyPath: m_AnchorMax.y
      value: 0
      objectReference: {fileID: 0}
    - target: {fileID: 1462324891338016341, guid: 7291521cc832b46f5b42b172c4342431, type: 3}
      propertyPath: m_AnchorMin.y
      value: 0
      objectReference: {fileID: 0}
    - target: {fileID: 1462324891338016341, guid: 7291521cc832b46f5b42b172c4342431, type: 3}
      propertyPath: m_SizeDelta.x
      value: 0
      objectReference: {fileID: 0}
    - target: {fileID: 1462324891338016341, guid: 7291521cc832b46f5b42b172c4342431, type: 3}
      propertyPath: m_SizeDelta.y
      value: 0
      objectReference: {fileID: 0}
    - target: {fileID: 1462324891338016341, guid: 7291521cc832b46f5b42b172c4342431, type: 3}
      propertyPath: m_AnchoredPosition.x
      value: 0
      objectReference: {fileID: 0}
    - target: {fileID: 1462324891338016341, guid: 7291521cc832b46f5b42b172c4342431, type: 3}
      propertyPath: m_AnchoredPosition.y
      value: 0
      objectReference: {fileID: 0}
    - target: {fileID: 1462324891338018211, guid: 7291521cc832b46f5b42b172c4342431, type: 3}
      propertyPath: m_AnchorMax.y
      value: 0
      objectReference: {fileID: 0}
    - target: {fileID: 1462324891338018211, guid: 7291521cc832b46f5b42b172c4342431, type: 3}
      propertyPath: m_AnchorMin.y
      value: 0
      objectReference: {fileID: 0}
    - target: {fileID: 1462324891338018211, guid: 7291521cc832b46f5b42b172c4342431, type: 3}
      propertyPath: m_SizeDelta.x
      value: 0
      objectReference: {fileID: 0}
    - target: {fileID: 1462324891338018211, guid: 7291521cc832b46f5b42b172c4342431, type: 3}
      propertyPath: m_SizeDelta.y
      value: 0
      objectReference: {fileID: 0}
    - target: {fileID: 1462324891338018211, guid: 7291521cc832b46f5b42b172c4342431, type: 3}
      propertyPath: m_AnchoredPosition.x
      value: 0
      objectReference: {fileID: 0}
    - target: {fileID: 1462324891338018211, guid: 7291521cc832b46f5b42b172c4342431, type: 3}
      propertyPath: m_AnchoredPosition.y
      value: 0
      objectReference: {fileID: 0}
    - target: {fileID: 1462324891338020225, guid: 7291521cc832b46f5b42b172c4342431, type: 3}
      propertyPath: m_AnchorMax.y
      value: 0
      objectReference: {fileID: 0}
    - target: {fileID: 1462324891338020225, guid: 7291521cc832b46f5b42b172c4342431, type: 3}
      propertyPath: m_AnchorMin.y
      value: 0
      objectReference: {fileID: 0}
    - target: {fileID: 1462324891338020225, guid: 7291521cc832b46f5b42b172c4342431, type: 3}
      propertyPath: m_SizeDelta.x
      value: 0
      objectReference: {fileID: 0}
    - target: {fileID: 1462324891338020225, guid: 7291521cc832b46f5b42b172c4342431, type: 3}
      propertyPath: m_SizeDelta.y
      value: 0
      objectReference: {fileID: 0}
    - target: {fileID: 1462324891338020225, guid: 7291521cc832b46f5b42b172c4342431, type: 3}
      propertyPath: m_AnchoredPosition.x
      value: 0
      objectReference: {fileID: 0}
    - target: {fileID: 1462324891338020225, guid: 7291521cc832b46f5b42b172c4342431, type: 3}
      propertyPath: m_AnchoredPosition.y
      value: 0
      objectReference: {fileID: 0}
    - target: {fileID: 1462324891338022951, guid: 7291521cc832b46f5b42b172c4342431, type: 3}
      propertyPath: m_AnchorMax.y
      value: 0
      objectReference: {fileID: 0}
    - target: {fileID: 1462324891338022951, guid: 7291521cc832b46f5b42b172c4342431, type: 3}
      propertyPath: m_AnchorMin.y
      value: 0
      objectReference: {fileID: 0}
    - target: {fileID: 1462324891338022951, guid: 7291521cc832b46f5b42b172c4342431, type: 3}
      propertyPath: m_SizeDelta.x
      value: 0
      objectReference: {fileID: 0}
    - target: {fileID: 1462324891338022951, guid: 7291521cc832b46f5b42b172c4342431, type: 3}
      propertyPath: m_SizeDelta.y
      value: 0
      objectReference: {fileID: 0}
    - target: {fileID: 1462324891338022951, guid: 7291521cc832b46f5b42b172c4342431, type: 3}
      propertyPath: m_AnchoredPosition.x
      value: 0
      objectReference: {fileID: 0}
    - target: {fileID: 1462324891338022951, guid: 7291521cc832b46f5b42b172c4342431, type: 3}
      propertyPath: m_AnchoredPosition.y
      value: 0
      objectReference: {fileID: 0}
    - target: {fileID: 1462324891338027829, guid: 7291521cc832b46f5b42b172c4342431, type: 3}
      propertyPath: m_AnchorMax.y
      value: 0
      objectReference: {fileID: 0}
    - target: {fileID: 1462324891338027829, guid: 7291521cc832b46f5b42b172c4342431, type: 3}
      propertyPath: m_AnchorMin.y
      value: 0
      objectReference: {fileID: 0}
    - target: {fileID: 1462324891338027829, guid: 7291521cc832b46f5b42b172c4342431, type: 3}
      propertyPath: m_SizeDelta.x
      value: 0
      objectReference: {fileID: 0}
    - target: {fileID: 1462324891338027829, guid: 7291521cc832b46f5b42b172c4342431, type: 3}
      propertyPath: m_AnchoredPosition.x
      value: 0
      objectReference: {fileID: 0}
    - target: {fileID: 1462324891338027829, guid: 7291521cc832b46f5b42b172c4342431, type: 3}
      propertyPath: m_AnchoredPosition.y
      value: 0
      objectReference: {fileID: 0}
    - target: {fileID: 1462324891338028093, guid: 7291521cc832b46f5b42b172c4342431, type: 3}
      propertyPath: m_AnchorMax.y
      value: 0
      objectReference: {fileID: 0}
    - target: {fileID: 1462324891338028093, guid: 7291521cc832b46f5b42b172c4342431, type: 3}
      propertyPath: m_AnchorMin.y
      value: 0
      objectReference: {fileID: 0}
    - target: {fileID: 1462324891338028093, guid: 7291521cc832b46f5b42b172c4342431, type: 3}
      propertyPath: m_SizeDelta.x
      value: 0
      objectReference: {fileID: 0}
    - target: {fileID: 1462324891338028093, guid: 7291521cc832b46f5b42b172c4342431, type: 3}
      propertyPath: m_SizeDelta.y
      value: 0
      objectReference: {fileID: 0}
    - target: {fileID: 1462324891338028093, guid: 7291521cc832b46f5b42b172c4342431, type: 3}
      propertyPath: m_AnchoredPosition.x
      value: 0
      objectReference: {fileID: 0}
    - target: {fileID: 1462324891338028093, guid: 7291521cc832b46f5b42b172c4342431, type: 3}
      propertyPath: m_AnchoredPosition.y
      value: 0
      objectReference: {fileID: 0}
    - target: {fileID: 1462324891338030667, guid: 7291521cc832b46f5b42b172c4342431, type: 3}
      propertyPath: m_AnchorMax.y
      value: 0
      objectReference: {fileID: 0}
    - target: {fileID: 1462324891338030667, guid: 7291521cc832b46f5b42b172c4342431, type: 3}
      propertyPath: m_AnchorMin.y
      value: 0
      objectReference: {fileID: 0}
    - target: {fileID: 1462324891338030667, guid: 7291521cc832b46f5b42b172c4342431, type: 3}
      propertyPath: m_SizeDelta.x
      value: 0
      objectReference: {fileID: 0}
    - target: {fileID: 1462324891338030667, guid: 7291521cc832b46f5b42b172c4342431, type: 3}
      propertyPath: m_SizeDelta.y
      value: 0
      objectReference: {fileID: 0}
    - target: {fileID: 1462324891338030667, guid: 7291521cc832b46f5b42b172c4342431, type: 3}
      propertyPath: m_AnchoredPosition.x
      value: 0
      objectReference: {fileID: 0}
    - target: {fileID: 1462324891338030667, guid: 7291521cc832b46f5b42b172c4342431, type: 3}
      propertyPath: m_AnchoredPosition.y
      value: 0
      objectReference: {fileID: 0}
    - target: {fileID: 1462324891338037833, guid: 7291521cc832b46f5b42b172c4342431, type: 3}
      propertyPath: m_AnchorMax.y
      value: 0
      objectReference: {fileID: 0}
    - target: {fileID: 1462324891338037833, guid: 7291521cc832b46f5b42b172c4342431, type: 3}
      propertyPath: m_AnchorMin.y
      value: 0
      objectReference: {fileID: 0}
    - target: {fileID: 1462324891338037833, guid: 7291521cc832b46f5b42b172c4342431, type: 3}
      propertyPath: m_SizeDelta.x
      value: 0
      objectReference: {fileID: 0}
    - target: {fileID: 1462324891338037833, guid: 7291521cc832b46f5b42b172c4342431, type: 3}
      propertyPath: m_SizeDelta.y
      value: 0
      objectReference: {fileID: 0}
    - target: {fileID: 1462324891338037833, guid: 7291521cc832b46f5b42b172c4342431, type: 3}
      propertyPath: m_AnchoredPosition.x
      value: 0
      objectReference: {fileID: 0}
    - target: {fileID: 1462324891338037833, guid: 7291521cc832b46f5b42b172c4342431, type: 3}
      propertyPath: m_AnchoredPosition.y
      value: 0
      objectReference: {fileID: 0}
    - target: {fileID: 1462324891338038433, guid: 7291521cc832b46f5b42b172c4342431, type: 3}
      propertyPath: m_AnchorMax.y
      value: 0
      objectReference: {fileID: 0}
    - target: {fileID: 1462324891338038433, guid: 7291521cc832b46f5b42b172c4342431, type: 3}
      propertyPath: m_AnchorMin.y
      value: 0
      objectReference: {fileID: 0}
    - target: {fileID: 1462324891338038433, guid: 7291521cc832b46f5b42b172c4342431, type: 3}
      propertyPath: m_SizeDelta.x
      value: 0
      objectReference: {fileID: 0}
    - target: {fileID: 1462324891338038433, guid: 7291521cc832b46f5b42b172c4342431, type: 3}
      propertyPath: m_SizeDelta.y
      value: 0
      objectReference: {fileID: 0}
    - target: {fileID: 1462324891338038433, guid: 7291521cc832b46f5b42b172c4342431, type: 3}
      propertyPath: m_AnchoredPosition.x
      value: 0
      objectReference: {fileID: 0}
    - target: {fileID: 1462324891338038433, guid: 7291521cc832b46f5b42b172c4342431, type: 3}
      propertyPath: m_AnchoredPosition.y
      value: 0
      objectReference: {fileID: 0}
    - target: {fileID: 1462324891338041267, guid: 7291521cc832b46f5b42b172c4342431, type: 3}
      propertyPath: m_AnchorMax.y
      value: 0
      objectReference: {fileID: 0}
    - target: {fileID: 1462324891338041267, guid: 7291521cc832b46f5b42b172c4342431, type: 3}
      propertyPath: m_AnchorMin.y
      value: 0
      objectReference: {fileID: 0}
    - target: {fileID: 1462324891338041267, guid: 7291521cc832b46f5b42b172c4342431, type: 3}
      propertyPath: m_SizeDelta.x
      value: 0
      objectReference: {fileID: 0}
    - target: {fileID: 1462324891338041267, guid: 7291521cc832b46f5b42b172c4342431, type: 3}
      propertyPath: m_SizeDelta.y
      value: 0
      objectReference: {fileID: 0}
    - target: {fileID: 1462324891338041267, guid: 7291521cc832b46f5b42b172c4342431, type: 3}
      propertyPath: m_AnchoredPosition.x
      value: 0
      objectReference: {fileID: 0}
    - target: {fileID: 1462324891338041267, guid: 7291521cc832b46f5b42b172c4342431, type: 3}
      propertyPath: m_AnchoredPosition.y
      value: 0
      objectReference: {fileID: 0}
    - target: {fileID: 1462324891338043315, guid: 7291521cc832b46f5b42b172c4342431, type: 3}
      propertyPath: m_AnchorMax.y
      value: 0
      objectReference: {fileID: 0}
    - target: {fileID: 1462324891338043315, guid: 7291521cc832b46f5b42b172c4342431, type: 3}
      propertyPath: m_AnchorMin.y
      value: 0
      objectReference: {fileID: 0}
    - target: {fileID: 1462324891338043315, guid: 7291521cc832b46f5b42b172c4342431, type: 3}
      propertyPath: m_SizeDelta.x
      value: 0
      objectReference: {fileID: 0}
    - target: {fileID: 1462324891338043315, guid: 7291521cc832b46f5b42b172c4342431, type: 3}
      propertyPath: m_SizeDelta.y
      value: 0
      objectReference: {fileID: 0}
    - target: {fileID: 1462324891338043315, guid: 7291521cc832b46f5b42b172c4342431, type: 3}
      propertyPath: m_AnchoredPosition.x
      value: 0
      objectReference: {fileID: 0}
    - target: {fileID: 1462324891338043315, guid: 7291521cc832b46f5b42b172c4342431, type: 3}
      propertyPath: m_AnchoredPosition.y
      value: 0
      objectReference: {fileID: 0}
    - target: {fileID: 1462324891338044071, guid: 7291521cc832b46f5b42b172c4342431, type: 3}
      propertyPath: m_AnchorMax.y
      value: 0
      objectReference: {fileID: 0}
    - target: {fileID: 1462324891338044071, guid: 7291521cc832b46f5b42b172c4342431, type: 3}
      propertyPath: m_AnchorMin.y
      value: 0
      objectReference: {fileID: 0}
    - target: {fileID: 1462324891338044071, guid: 7291521cc832b46f5b42b172c4342431, type: 3}
      propertyPath: m_SizeDelta.x
      value: 0
      objectReference: {fileID: 0}
    - target: {fileID: 1462324891338044071, guid: 7291521cc832b46f5b42b172c4342431, type: 3}
      propertyPath: m_SizeDelta.y
      value: 0
      objectReference: {fileID: 0}
    - target: {fileID: 1462324891338044071, guid: 7291521cc832b46f5b42b172c4342431, type: 3}
      propertyPath: m_AnchoredPosition.x
      value: 0
      objectReference: {fileID: 0}
    - target: {fileID: 1462324891338044071, guid: 7291521cc832b46f5b42b172c4342431, type: 3}
      propertyPath: m_AnchoredPosition.y
      value: 0
      objectReference: {fileID: 0}
    - target: {fileID: 1462324891338044187, guid: 7291521cc832b46f5b42b172c4342431, type: 3}
      propertyPath: m_AnchorMax.y
      value: 0
      objectReference: {fileID: 0}
    - target: {fileID: 1462324891338044187, guid: 7291521cc832b46f5b42b172c4342431, type: 3}
      propertyPath: m_AnchorMin.y
      value: 0
      objectReference: {fileID: 0}
    - target: {fileID: 1462324891338044187, guid: 7291521cc832b46f5b42b172c4342431, type: 3}
      propertyPath: m_SizeDelta.x
      value: 0
      objectReference: {fileID: 0}
    - target: {fileID: 1462324891338044187, guid: 7291521cc832b46f5b42b172c4342431, type: 3}
      propertyPath: m_SizeDelta.y
      value: 0
      objectReference: {fileID: 0}
    - target: {fileID: 1462324891338044187, guid: 7291521cc832b46f5b42b172c4342431, type: 3}
      propertyPath: m_AnchoredPosition.x
      value: 0
      objectReference: {fileID: 0}
    - target: {fileID: 1462324891338044187, guid: 7291521cc832b46f5b42b172c4342431, type: 3}
      propertyPath: m_AnchoredPosition.y
      value: 0
      objectReference: {fileID: 0}
    - target: {fileID: 1462324891338044829, guid: 7291521cc832b46f5b42b172c4342431, type: 3}
      propertyPath: m_AnchorMax.y
      value: 0
      objectReference: {fileID: 0}
    - target: {fileID: 1462324891338044829, guid: 7291521cc832b46f5b42b172c4342431, type: 3}
      propertyPath: m_AnchorMin.y
      value: 0
      objectReference: {fileID: 0}
    - target: {fileID: 1462324891338044829, guid: 7291521cc832b46f5b42b172c4342431, type: 3}
      propertyPath: m_SizeDelta.x
      value: 0
      objectReference: {fileID: 0}
    - target: {fileID: 1462324891338044829, guid: 7291521cc832b46f5b42b172c4342431, type: 3}
      propertyPath: m_SizeDelta.y
      value: 0
      objectReference: {fileID: 0}
    - target: {fileID: 1462324891338044829, guid: 7291521cc832b46f5b42b172c4342431, type: 3}
      propertyPath: m_AnchoredPosition.x
      value: 0
      objectReference: {fileID: 0}
    - target: {fileID: 1462324891338044829, guid: 7291521cc832b46f5b42b172c4342431, type: 3}
      propertyPath: m_AnchoredPosition.y
      value: 0
      objectReference: {fileID: 0}
    - target: {fileID: 1462324891338050187, guid: 7291521cc832b46f5b42b172c4342431, type: 3}
      propertyPath: m_AnchorMax.y
      value: 0
      objectReference: {fileID: 0}
    - target: {fileID: 1462324891338050187, guid: 7291521cc832b46f5b42b172c4342431, type: 3}
      propertyPath: m_AnchorMin.y
      value: 0
      objectReference: {fileID: 0}
    - target: {fileID: 1462324891338050187, guid: 7291521cc832b46f5b42b172c4342431, type: 3}
      propertyPath: m_SizeDelta.x
      value: 0
      objectReference: {fileID: 0}
    - target: {fileID: 1462324891338050187, guid: 7291521cc832b46f5b42b172c4342431, type: 3}
      propertyPath: m_SizeDelta.y
      value: 0
      objectReference: {fileID: 0}
    - target: {fileID: 1462324891338050187, guid: 7291521cc832b46f5b42b172c4342431, type: 3}
      propertyPath: m_AnchoredPosition.x
      value: 0
      objectReference: {fileID: 0}
    - target: {fileID: 1462324891338050187, guid: 7291521cc832b46f5b42b172c4342431, type: 3}
      propertyPath: m_AnchoredPosition.y
      value: 0
      objectReference: {fileID: 0}
    - target: {fileID: 1462324891338050781, guid: 7291521cc832b46f5b42b172c4342431, type: 3}
      propertyPath: m_AnchorMax.y
      value: 0
      objectReference: {fileID: 0}
    - target: {fileID: 1462324891338050781, guid: 7291521cc832b46f5b42b172c4342431, type: 3}
      propertyPath: m_AnchorMin.y
      value: 0
      objectReference: {fileID: 0}
    - target: {fileID: 1462324891338050781, guid: 7291521cc832b46f5b42b172c4342431, type: 3}
      propertyPath: m_SizeDelta.x
      value: 0
      objectReference: {fileID: 0}
    - target: {fileID: 1462324891338050781, guid: 7291521cc832b46f5b42b172c4342431, type: 3}
      propertyPath: m_SizeDelta.y
      value: 0
      objectReference: {fileID: 0}
    - target: {fileID: 1462324891338050781, guid: 7291521cc832b46f5b42b172c4342431, type: 3}
      propertyPath: m_AnchoredPosition.x
      value: 0
      objectReference: {fileID: 0}
    - target: {fileID: 1462324891338050781, guid: 7291521cc832b46f5b42b172c4342431, type: 3}
      propertyPath: m_AnchoredPosition.y
      value: 0
      objectReference: {fileID: 0}
    - target: {fileID: 1462324891338053425, guid: 7291521cc832b46f5b42b172c4342431, type: 3}
      propertyPath: m_AnchorMax.y
      value: 0
      objectReference: {fileID: 0}
    - target: {fileID: 1462324891338053425, guid: 7291521cc832b46f5b42b172c4342431, type: 3}
      propertyPath: m_AnchorMin.y
      value: 0
      objectReference: {fileID: 0}
    - target: {fileID: 1462324891338053425, guid: 7291521cc832b46f5b42b172c4342431, type: 3}
      propertyPath: m_SizeDelta.x
      value: 0
      objectReference: {fileID: 0}
    - target: {fileID: 1462324891338053425, guid: 7291521cc832b46f5b42b172c4342431, type: 3}
      propertyPath: m_SizeDelta.y
      value: 0
      objectReference: {fileID: 0}
    - target: {fileID: 1462324891338053425, guid: 7291521cc832b46f5b42b172c4342431, type: 3}
      propertyPath: m_AnchoredPosition.x
      value: 0
      objectReference: {fileID: 0}
    - target: {fileID: 1462324891338053425, guid: 7291521cc832b46f5b42b172c4342431, type: 3}
      propertyPath: m_AnchoredPosition.y
      value: 0
      objectReference: {fileID: 0}
    - target: {fileID: 1462324891338055733, guid: 7291521cc832b46f5b42b172c4342431, type: 3}
      propertyPath: m_AnchorMax.y
      value: 0
      objectReference: {fileID: 0}
    - target: {fileID: 1462324891338055733, guid: 7291521cc832b46f5b42b172c4342431, type: 3}
      propertyPath: m_AnchorMin.y
      value: 0
      objectReference: {fileID: 0}
    - target: {fileID: 1462324891338055733, guid: 7291521cc832b46f5b42b172c4342431, type: 3}
      propertyPath: m_SizeDelta.x
      value: 0
      objectReference: {fileID: 0}
    - target: {fileID: 1462324891338055733, guid: 7291521cc832b46f5b42b172c4342431, type: 3}
      propertyPath: m_SizeDelta.y
      value: 0
      objectReference: {fileID: 0}
    - target: {fileID: 1462324891338055733, guid: 7291521cc832b46f5b42b172c4342431, type: 3}
      propertyPath: m_AnchoredPosition.x
      value: 0
      objectReference: {fileID: 0}
    - target: {fileID: 1462324891338055733, guid: 7291521cc832b46f5b42b172c4342431, type: 3}
      propertyPath: m_AnchoredPosition.y
      value: 0
      objectReference: {fileID: 0}
    - target: {fileID: 1462324891338058625, guid: 7291521cc832b46f5b42b172c4342431, type: 3}
      propertyPath: m_AnchorMax.y
      value: 0
      objectReference: {fileID: 0}
    - target: {fileID: 1462324891338058625, guid: 7291521cc832b46f5b42b172c4342431, type: 3}
      propertyPath: m_AnchorMin.y
      value: 0
      objectReference: {fileID: 0}
    - target: {fileID: 1462324891338058625, guid: 7291521cc832b46f5b42b172c4342431, type: 3}
      propertyPath: m_SizeDelta.x
      value: 0
      objectReference: {fileID: 0}
    - target: {fileID: 1462324891338058625, guid: 7291521cc832b46f5b42b172c4342431, type: 3}
      propertyPath: m_SizeDelta.y
      value: 0
      objectReference: {fileID: 0}
    - target: {fileID: 1462324891338058625, guid: 7291521cc832b46f5b42b172c4342431, type: 3}
      propertyPath: m_AnchoredPosition.x
      value: 0
      objectReference: {fileID: 0}
    - target: {fileID: 1462324891338058625, guid: 7291521cc832b46f5b42b172c4342431, type: 3}
      propertyPath: m_AnchoredPosition.y
      value: 0
      objectReference: {fileID: 0}
    - target: {fileID: 1462324891338058903, guid: 7291521cc832b46f5b42b172c4342431, type: 3}
      propertyPath: m_AnchorMax.y
      value: 0
      objectReference: {fileID: 0}
    - target: {fileID: 1462324891338058903, guid: 7291521cc832b46f5b42b172c4342431, type: 3}
      propertyPath: m_AnchorMin.y
      value: 0
      objectReference: {fileID: 0}
    - target: {fileID: 1462324891338058903, guid: 7291521cc832b46f5b42b172c4342431, type: 3}
      propertyPath: m_SizeDelta.x
      value: 0
      objectReference: {fileID: 0}
    - target: {fileID: 1462324891338058903, guid: 7291521cc832b46f5b42b172c4342431, type: 3}
      propertyPath: m_SizeDelta.y
      value: 0
      objectReference: {fileID: 0}
    - target: {fileID: 1462324891338058903, guid: 7291521cc832b46f5b42b172c4342431, type: 3}
      propertyPath: m_AnchoredPosition.x
      value: 0
      objectReference: {fileID: 0}
    - target: {fileID: 1462324891338058903, guid: 7291521cc832b46f5b42b172c4342431, type: 3}
      propertyPath: m_AnchoredPosition.y
      value: 0
      objectReference: {fileID: 0}
    - target: {fileID: 1462324891338059369, guid: 7291521cc832b46f5b42b172c4342431, type: 3}
      propertyPath: m_AnchorMax.y
      value: 0
      objectReference: {fileID: 0}
    - target: {fileID: 1462324891338059369, guid: 7291521cc832b46f5b42b172c4342431, type: 3}
      propertyPath: m_AnchorMin.y
      value: 0
      objectReference: {fileID: 0}
    - target: {fileID: 1462324891338059369, guid: 7291521cc832b46f5b42b172c4342431, type: 3}
      propertyPath: m_SizeDelta.x
      value: 0
      objectReference: {fileID: 0}
    - target: {fileID: 1462324891338059369, guid: 7291521cc832b46f5b42b172c4342431, type: 3}
      propertyPath: m_SizeDelta.y
      value: 0
      objectReference: {fileID: 0}
    - target: {fileID: 1462324891338059369, guid: 7291521cc832b46f5b42b172c4342431, type: 3}
      propertyPath: m_AnchoredPosition.x
      value: 0
      objectReference: {fileID: 0}
    - target: {fileID: 1462324891338059369, guid: 7291521cc832b46f5b42b172c4342431, type: 3}
      propertyPath: m_AnchoredPosition.y
      value: 0
      objectReference: {fileID: 0}
    - target: {fileID: 1462324891338059767, guid: 7291521cc832b46f5b42b172c4342431, type: 3}
      propertyPath: m_AnchorMax.y
      value: 0
      objectReference: {fileID: 0}
    - target: {fileID: 1462324891338059767, guid: 7291521cc832b46f5b42b172c4342431, type: 3}
      propertyPath: m_AnchorMin.y
      value: 0
      objectReference: {fileID: 0}
    - target: {fileID: 1462324891338059767, guid: 7291521cc832b46f5b42b172c4342431, type: 3}
      propertyPath: m_SizeDelta.x
      value: 0
      objectReference: {fileID: 0}
    - target: {fileID: 1462324891338059767, guid: 7291521cc832b46f5b42b172c4342431, type: 3}
      propertyPath: m_SizeDelta.y
      value: 0
      objectReference: {fileID: 0}
    - target: {fileID: 1462324891338059767, guid: 7291521cc832b46f5b42b172c4342431, type: 3}
      propertyPath: m_AnchoredPosition.x
      value: 0
      objectReference: {fileID: 0}
    - target: {fileID: 1462324891338059767, guid: 7291521cc832b46f5b42b172c4342431, type: 3}
      propertyPath: m_AnchoredPosition.y
      value: 0
      objectReference: {fileID: 0}
    - target: {fileID: 1462324891338073721, guid: 7291521cc832b46f5b42b172c4342431, type: 3}
      propertyPath: m_AnchorMax.y
      value: 0
      objectReference: {fileID: 0}
    - target: {fileID: 1462324891338073721, guid: 7291521cc832b46f5b42b172c4342431, type: 3}
      propertyPath: m_AnchorMin.y
      value: 0
      objectReference: {fileID: 0}
    - target: {fileID: 1462324891338073721, guid: 7291521cc832b46f5b42b172c4342431, type: 3}
      propertyPath: m_SizeDelta.x
      value: 0
      objectReference: {fileID: 0}
    - target: {fileID: 1462324891338073721, guid: 7291521cc832b46f5b42b172c4342431, type: 3}
      propertyPath: m_SizeDelta.y
      value: 0
      objectReference: {fileID: 0}
    - target: {fileID: 1462324891338073721, guid: 7291521cc832b46f5b42b172c4342431, type: 3}
      propertyPath: m_AnchoredPosition.x
      value: 0
      objectReference: {fileID: 0}
    - target: {fileID: 1462324891338073721, guid: 7291521cc832b46f5b42b172c4342431, type: 3}
      propertyPath: m_AnchoredPosition.y
      value: 0
      objectReference: {fileID: 0}
    - target: {fileID: 1462324891338076013, guid: 7291521cc832b46f5b42b172c4342431, type: 3}
      propertyPath: m_AnchorMax.y
      value: 0
      objectReference: {fileID: 0}
    - target: {fileID: 1462324891338076013, guid: 7291521cc832b46f5b42b172c4342431, type: 3}
      propertyPath: m_AnchorMin.y
      value: 0
      objectReference: {fileID: 0}
    - target: {fileID: 1462324891338076013, guid: 7291521cc832b46f5b42b172c4342431, type: 3}
      propertyPath: m_SizeDelta.x
      value: 0
      objectReference: {fileID: 0}
    - target: {fileID: 1462324891338076013, guid: 7291521cc832b46f5b42b172c4342431, type: 3}
      propertyPath: m_SizeDelta.y
      value: 0
      objectReference: {fileID: 0}
    - target: {fileID: 1462324891338076013, guid: 7291521cc832b46f5b42b172c4342431, type: 3}
      propertyPath: m_AnchoredPosition.x
      value: 0
      objectReference: {fileID: 0}
    - target: {fileID: 1462324891338076013, guid: 7291521cc832b46f5b42b172c4342431, type: 3}
      propertyPath: m_AnchoredPosition.y
      value: 0
      objectReference: {fileID: 0}
    - target: {fileID: 1462324891338076985, guid: 7291521cc832b46f5b42b172c4342431, type: 3}
      propertyPath: m_AnchorMax.y
      value: 0
      objectReference: {fileID: 0}
    - target: {fileID: 1462324891338076985, guid: 7291521cc832b46f5b42b172c4342431, type: 3}
      propertyPath: m_AnchorMin.y
      value: 0
      objectReference: {fileID: 0}
    - target: {fileID: 1462324891338076985, guid: 7291521cc832b46f5b42b172c4342431, type: 3}
      propertyPath: m_SizeDelta.x
      value: 0
      objectReference: {fileID: 0}
    - target: {fileID: 1462324891338076985, guid: 7291521cc832b46f5b42b172c4342431, type: 3}
      propertyPath: m_SizeDelta.y
      value: 0
      objectReference: {fileID: 0}
    - target: {fileID: 1462324891338076985, guid: 7291521cc832b46f5b42b172c4342431, type: 3}
      propertyPath: m_AnchoredPosition.x
      value: 0
      objectReference: {fileID: 0}
    - target: {fileID: 1462324891338076985, guid: 7291521cc832b46f5b42b172c4342431, type: 3}
      propertyPath: m_AnchoredPosition.y
      value: 0
      objectReference: {fileID: 0}
    - target: {fileID: 1462324891338077991, guid: 7291521cc832b46f5b42b172c4342431, type: 3}
      propertyPath: m_AnchorMax.y
      value: 0
      objectReference: {fileID: 0}
    - target: {fileID: 1462324891338077991, guid: 7291521cc832b46f5b42b172c4342431, type: 3}
      propertyPath: m_AnchorMin.y
      value: 0
      objectReference: {fileID: 0}
    - target: {fileID: 1462324891338077991, guid: 7291521cc832b46f5b42b172c4342431, type: 3}
      propertyPath: m_SizeDelta.x
      value: 0
      objectReference: {fileID: 0}
    - target: {fileID: 1462324891338077991, guid: 7291521cc832b46f5b42b172c4342431, type: 3}
      propertyPath: m_AnchoredPosition.x
      value: 0
      objectReference: {fileID: 0}
    - target: {fileID: 1462324891338077991, guid: 7291521cc832b46f5b42b172c4342431, type: 3}
      propertyPath: m_AnchoredPosition.y
      value: 0
      objectReference: {fileID: 0}
    - target: {fileID: 1462324891338115477, guid: 7291521cc832b46f5b42b172c4342431, type: 3}
      propertyPath: m_AnchorMax.y
      value: 0
      objectReference: {fileID: 0}
    - target: {fileID: 1462324891338115477, guid: 7291521cc832b46f5b42b172c4342431, type: 3}
      propertyPath: m_AnchorMin.y
      value: 0
      objectReference: {fileID: 0}
    - target: {fileID: 1462324891338115477, guid: 7291521cc832b46f5b42b172c4342431, type: 3}
      propertyPath: m_SizeDelta.x
      value: 0
      objectReference: {fileID: 0}
    - target: {fileID: 1462324891338115477, guid: 7291521cc832b46f5b42b172c4342431, type: 3}
      propertyPath: m_SizeDelta.y
      value: 0
      objectReference: {fileID: 0}
    - target: {fileID: 1462324891338115477, guid: 7291521cc832b46f5b42b172c4342431, type: 3}
      propertyPath: m_AnchoredPosition.x
      value: 0
      objectReference: {fileID: 0}
    - target: {fileID: 1462324891338115477, guid: 7291521cc832b46f5b42b172c4342431, type: 3}
      propertyPath: m_AnchoredPosition.y
      value: 0
      objectReference: {fileID: 0}
    - target: {fileID: 1462324891338115845, guid: 7291521cc832b46f5b42b172c4342431, type: 3}
      propertyPath: m_AnchorMax.y
      value: 0
      objectReference: {fileID: 0}
    - target: {fileID: 1462324891338115845, guid: 7291521cc832b46f5b42b172c4342431, type: 3}
      propertyPath: m_AnchorMin.y
      value: 0
      objectReference: {fileID: 0}
    - target: {fileID: 1462324891338115845, guid: 7291521cc832b46f5b42b172c4342431, type: 3}
      propertyPath: m_SizeDelta.x
      value: 0
      objectReference: {fileID: 0}
    - target: {fileID: 1462324891338115845, guid: 7291521cc832b46f5b42b172c4342431, type: 3}
      propertyPath: m_SizeDelta.y
      value: 0
      objectReference: {fileID: 0}
    - target: {fileID: 1462324891338115845, guid: 7291521cc832b46f5b42b172c4342431, type: 3}
      propertyPath: m_AnchoredPosition.x
      value: 0
      objectReference: {fileID: 0}
    - target: {fileID: 1462324891338115845, guid: 7291521cc832b46f5b42b172c4342431, type: 3}
      propertyPath: m_AnchoredPosition.y
      value: 0
      objectReference: {fileID: 0}
    - target: {fileID: 1462324891338123965, guid: 7291521cc832b46f5b42b172c4342431, type: 3}
      propertyPath: m_AnchorMax.y
      value: 0
      objectReference: {fileID: 0}
    - target: {fileID: 1462324891338123965, guid: 7291521cc832b46f5b42b172c4342431, type: 3}
      propertyPath: m_AnchorMin.y
      value: 0
      objectReference: {fileID: 0}
    - target: {fileID: 1462324891338123965, guid: 7291521cc832b46f5b42b172c4342431, type: 3}
      propertyPath: m_SizeDelta.x
      value: 0
      objectReference: {fileID: 0}
    - target: {fileID: 1462324891338123965, guid: 7291521cc832b46f5b42b172c4342431, type: 3}
      propertyPath: m_SizeDelta.y
      value: 0
      objectReference: {fileID: 0}
    - target: {fileID: 1462324891338123965, guid: 7291521cc832b46f5b42b172c4342431, type: 3}
      propertyPath: m_AnchoredPosition.x
      value: 0
      objectReference: {fileID: 0}
    - target: {fileID: 1462324891338123965, guid: 7291521cc832b46f5b42b172c4342431, type: 3}
      propertyPath: m_AnchoredPosition.y
      value: 0
      objectReference: {fileID: 0}
    - target: {fileID: 1462324891338125193, guid: 7291521cc832b46f5b42b172c4342431, type: 3}
      propertyPath: m_AnchorMax.y
      value: 0
      objectReference: {fileID: 0}
    - target: {fileID: 1462324891338125193, guid: 7291521cc832b46f5b42b172c4342431, type: 3}
      propertyPath: m_AnchorMin.y
      value: 0
      objectReference: {fileID: 0}
    - target: {fileID: 1462324891338125193, guid: 7291521cc832b46f5b42b172c4342431, type: 3}
      propertyPath: m_SizeDelta.x
      value: 0
      objectReference: {fileID: 0}
    - target: {fileID: 1462324891338125193, guid: 7291521cc832b46f5b42b172c4342431, type: 3}
      propertyPath: m_SizeDelta.y
      value: 0
      objectReference: {fileID: 0}
    - target: {fileID: 1462324891338125193, guid: 7291521cc832b46f5b42b172c4342431, type: 3}
      propertyPath: m_AnchoredPosition.x
      value: 0
      objectReference: {fileID: 0}
    - target: {fileID: 1462324891338125193, guid: 7291521cc832b46f5b42b172c4342431, type: 3}
      propertyPath: m_AnchoredPosition.y
      value: 0
      objectReference: {fileID: 0}
    - target: {fileID: 1462324891338127247, guid: 7291521cc832b46f5b42b172c4342431, type: 3}
      propertyPath: m_AnchorMax.y
      value: 0
      objectReference: {fileID: 0}
    - target: {fileID: 1462324891338127247, guid: 7291521cc832b46f5b42b172c4342431, type: 3}
      propertyPath: m_AnchorMin.y
      value: 0
      objectReference: {fileID: 0}
    - target: {fileID: 1462324891338127247, guid: 7291521cc832b46f5b42b172c4342431, type: 3}
      propertyPath: m_SizeDelta.x
      value: 0
      objectReference: {fileID: 0}
    - target: {fileID: 1462324891338127247, guid: 7291521cc832b46f5b42b172c4342431, type: 3}
      propertyPath: m_SizeDelta.y
      value: 0
      objectReference: {fileID: 0}
    - target: {fileID: 1462324891338127247, guid: 7291521cc832b46f5b42b172c4342431, type: 3}
      propertyPath: m_AnchoredPosition.x
      value: 0
      objectReference: {fileID: 0}
    - target: {fileID: 1462324891338127247, guid: 7291521cc832b46f5b42b172c4342431, type: 3}
      propertyPath: m_AnchoredPosition.y
      value: 0
      objectReference: {fileID: 0}
    - target: {fileID: 1462324891338128019, guid: 7291521cc832b46f5b42b172c4342431, type: 3}
      propertyPath: m_AnchorMax.y
      value: 0
      objectReference: {fileID: 0}
    - target: {fileID: 1462324891338128019, guid: 7291521cc832b46f5b42b172c4342431, type: 3}
      propertyPath: m_AnchorMin.y
      value: 0
      objectReference: {fileID: 0}
    - target: {fileID: 1462324891338128019, guid: 7291521cc832b46f5b42b172c4342431, type: 3}
      propertyPath: m_SizeDelta.x
      value: 0
      objectReference: {fileID: 0}
    - target: {fileID: 1462324891338128019, guid: 7291521cc832b46f5b42b172c4342431, type: 3}
      propertyPath: m_SizeDelta.y
      value: 0
      objectReference: {fileID: 0}
    - target: {fileID: 1462324891338128019, guid: 7291521cc832b46f5b42b172c4342431, type: 3}
      propertyPath: m_AnchoredPosition.x
      value: 0
      objectReference: {fileID: 0}
    - target: {fileID: 1462324891338128019, guid: 7291521cc832b46f5b42b172c4342431, type: 3}
      propertyPath: m_AnchoredPosition.y
      value: 0
      objectReference: {fileID: 0}
    - target: {fileID: 1605108332090787232, guid: 7291521cc832b46f5b42b172c4342431, type: 3}
      propertyPath: m_sharedMaterial
      value: 
      objectReference: {fileID: 5316320042755199927, guid: 7577788283af24e3192c576b41bc773b, type: 2}
    - target: {fileID: 2345290029833673453, guid: 7291521cc832b46f5b42b172c4342431, type: 3}
      propertyPath: m_AnchorMax.x
      value: 0
      objectReference: {fileID: 0}
    - target: {fileID: 2345290029833673453, guid: 7291521cc832b46f5b42b172c4342431, type: 3}
      propertyPath: m_AnchorMax.y
      value: 0
      objectReference: {fileID: 0}
    - target: {fileID: 2345290029833673453, guid: 7291521cc832b46f5b42b172c4342431, type: 3}
      propertyPath: m_AnchorMin.x
      value: 0
      objectReference: {fileID: 0}
    - target: {fileID: 2704438788598491380, guid: 7291521cc832b46f5b42b172c4342431, type: 3}
      propertyPath: m_AnchorMax.x
      value: 0
      objectReference: {fileID: 0}
    - target: {fileID: 2704438788598491380, guid: 7291521cc832b46f5b42b172c4342431, type: 3}
      propertyPath: m_AnchorMax.y
      value: 0
      objectReference: {fileID: 0}
    - target: {fileID: 3348388456001516998, guid: 7291521cc832b46f5b42b172c4342431, type: 3}
      propertyPath: m_AnchorMax.y
      value: 0
      objectReference: {fileID: 0}
    - target: {fileID: 3348388456001516998, guid: 7291521cc832b46f5b42b172c4342431, type: 3}
      propertyPath: m_AnchorMin.y
      value: 0
      objectReference: {fileID: 0}
    - target: {fileID: 3348388456001516998, guid: 7291521cc832b46f5b42b172c4342431, type: 3}
      propertyPath: m_SizeDelta.x
      value: 0
      objectReference: {fileID: 0}
    - target: {fileID: 3348388456001516998, guid: 7291521cc832b46f5b42b172c4342431, type: 3}
      propertyPath: m_SizeDelta.y
      value: 0
      objectReference: {fileID: 0}
    - target: {fileID: 3348388456001516998, guid: 7291521cc832b46f5b42b172c4342431, type: 3}
      propertyPath: m_AnchoredPosition.x
      value: 0
      objectReference: {fileID: 0}
    - target: {fileID: 3348388456001516998, guid: 7291521cc832b46f5b42b172c4342431, type: 3}
      propertyPath: m_AnchoredPosition.y
      value: 0
      objectReference: {fileID: 0}
    - target: {fileID: 3865429240333255486, guid: 7291521cc832b46f5b42b172c4342431, type: 3}
      propertyPath: m_AnchorMax.x
      value: 0
      objectReference: {fileID: 0}
    - target: {fileID: 3865429240333255486, guid: 7291521cc832b46f5b42b172c4342431, type: 3}
      propertyPath: m_AnchorMax.y
      value: 0
      objectReference: {fileID: 0}
    - target: {fileID: 3865429240333255486, guid: 7291521cc832b46f5b42b172c4342431, type: 3}
      propertyPath: m_AnchorMin.y
      value: 0
      objectReference: {fileID: 0}
    - target: {fileID: 4623652463003491446, guid: 7291521cc832b46f5b42b172c4342431, type: 3}
      propertyPath: m_AnchorMax.y
      value: 0
      objectReference: {fileID: 0}
    - target: {fileID: 4623652463003491446, guid: 7291521cc832b46f5b42b172c4342431, type: 3}
      propertyPath: m_AnchorMin.y
      value: 0
      objectReference: {fileID: 0}
    - target: {fileID: 4623652463003491446, guid: 7291521cc832b46f5b42b172c4342431, type: 3}
      propertyPath: m_SizeDelta.x
      value: 0
      objectReference: {fileID: 0}
    - target: {fileID: 4623652463003491446, guid: 7291521cc832b46f5b42b172c4342431, type: 3}
      propertyPath: m_SizeDelta.y
      value: 0
      objectReference: {fileID: 0}
    - target: {fileID: 4623652463003491446, guid: 7291521cc832b46f5b42b172c4342431, type: 3}
      propertyPath: m_AnchoredPosition.x
      value: 0
      objectReference: {fileID: 0}
    - target: {fileID: 4623652463003491446, guid: 7291521cc832b46f5b42b172c4342431, type: 3}
      propertyPath: m_AnchoredPosition.y
      value: 0
      objectReference: {fileID: 0}
    - target: {fileID: 4647107006663357281, guid: 7291521cc832b46f5b42b172c4342431, type: 3}
      propertyPath: m_AnchorMax.y
      value: 0
      objectReference: {fileID: 0}
    - target: {fileID: 4647107006663357281, guid: 7291521cc832b46f5b42b172c4342431, type: 3}
      propertyPath: m_AnchorMin.y
      value: 0
      objectReference: {fileID: 0}
    - target: {fileID: 4647107006663357281, guid: 7291521cc832b46f5b42b172c4342431, type: 3}
      propertyPath: m_SizeDelta.x
      value: 0
      objectReference: {fileID: 0}
    - target: {fileID: 4647107006663357281, guid: 7291521cc832b46f5b42b172c4342431, type: 3}
      propertyPath: m_SizeDelta.y
      value: 0
      objectReference: {fileID: 0}
    - target: {fileID: 4647107006663357281, guid: 7291521cc832b46f5b42b172c4342431, type: 3}
      propertyPath: m_AnchoredPosition.x
      value: 0
      objectReference: {fileID: 0}
    - target: {fileID: 4647107006663357281, guid: 7291521cc832b46f5b42b172c4342431, type: 3}
      propertyPath: m_AnchoredPosition.y
      value: 0
      objectReference: {fileID: 0}
    - target: {fileID: 5389155820628956888, guid: 7291521cc832b46f5b42b172c4342431, type: 3}
      propertyPath: m_AnchorMax.y
      value: 0
      objectReference: {fileID: 0}
    - target: {fileID: 5389155820628956888, guid: 7291521cc832b46f5b42b172c4342431, type: 3}
      propertyPath: m_AnchorMin.y
      value: 0
      objectReference: {fileID: 0}
    - target: {fileID: 5389155820628956888, guid: 7291521cc832b46f5b42b172c4342431, type: 3}
      propertyPath: m_SizeDelta.x
      value: 0
      objectReference: {fileID: 0}
    - target: {fileID: 5389155820628956888, guid: 7291521cc832b46f5b42b172c4342431, type: 3}
      propertyPath: m_SizeDelta.y
      value: 0
      objectReference: {fileID: 0}
    - target: {fileID: 5389155820628956888, guid: 7291521cc832b46f5b42b172c4342431, type: 3}
      propertyPath: m_AnchoredPosition.x
      value: 0
      objectReference: {fileID: 0}
    - target: {fileID: 5389155820628956888, guid: 7291521cc832b46f5b42b172c4342431, type: 3}
      propertyPath: m_AnchoredPosition.y
      value: 0
      objectReference: {fileID: 0}
    - target: {fileID: 5657639842984949055, guid: 7291521cc832b46f5b42b172c4342431, type: 3}
      propertyPath: m_sharedMaterial
      value: 
      objectReference: {fileID: 5316320042755199927, guid: 7577788283af24e3192c576b41bc773b, type: 2}
    - target: {fileID: 5657639843149107689, guid: 7291521cc832b46f5b42b172c4342431, type: 3}
      propertyPath: m_sharedMaterial
      value: 
      objectReference: {fileID: 5316320042755199927, guid: 7577788283af24e3192c576b41bc773b, type: 2}
    - target: {fileID: 5657639843387940961, guid: 7291521cc832b46f5b42b172c4342431, type: 3}
      propertyPath: m_sharedMaterial
      value: 
      objectReference: {fileID: -4218891459029621368, guid: 97b0cb1fb82f94cb6b71063b4241858a, type: 2}
    - target: {fileID: 5800853622786400607, guid: 7291521cc832b46f5b42b172c4342431, type: 3}
      propertyPath: m_AnchorMax.y
      value: 0
      objectReference: {fileID: 0}
    - target: {fileID: 5800853622786400607, guid: 7291521cc832b46f5b42b172c4342431, type: 3}
      propertyPath: m_AnchorMin.y
      value: 0
      objectReference: {fileID: 0}
    - target: {fileID: 5800853622786400607, guid: 7291521cc832b46f5b42b172c4342431, type: 3}
      propertyPath: m_SizeDelta.x
      value: 0
      objectReference: {fileID: 0}
    - target: {fileID: 5800853622786400607, guid: 7291521cc832b46f5b42b172c4342431, type: 3}
      propertyPath: m_SizeDelta.y
      value: 0
      objectReference: {fileID: 0}
    - target: {fileID: 5800853622786400607, guid: 7291521cc832b46f5b42b172c4342431, type: 3}
      propertyPath: m_AnchoredPosition.x
      value: 0
      objectReference: {fileID: 0}
    - target: {fileID: 5800853622786400607, guid: 7291521cc832b46f5b42b172c4342431, type: 3}
      propertyPath: m_AnchoredPosition.y
      value: 0
      objectReference: {fileID: 0}
    - target: {fileID: 6040890260783467730, guid: 7291521cc832b46f5b42b172c4342431, type: 3}
      propertyPath: m_AnchorMax.x
      value: 0
      objectReference: {fileID: 0}
    - target: {fileID: 6040890260783467730, guid: 7291521cc832b46f5b42b172c4342431, type: 3}
      propertyPath: m_AnchorMax.y
      value: 0
      objectReference: {fileID: 0}
    - target: {fileID: 6040890260783467730, guid: 7291521cc832b46f5b42b172c4342431, type: 3}
      propertyPath: m_AnchorMin.x
      value: 0
      objectReference: {fileID: 0}
    - target: {fileID: 6229996001008475448, guid: 7291521cc832b46f5b42b172c4342431, type: 3}
      propertyPath: m_RootOrder
      value: 12
      objectReference: {fileID: 0}
    - target: {fileID: 6586454381986964840, guid: 7291521cc832b46f5b42b172c4342431, type: 3}
      propertyPath: m_RootOrder
      value: 11
      objectReference: {fileID: 0}
    - target: {fileID: 6708774239591908488, guid: 7291521cc832b46f5b42b172c4342431, type: 3}
      propertyPath: m_SizeDelta.y
      value: 0
      objectReference: {fileID: 0}
    - target: {fileID: 6942506031036219219, guid: 7291521cc832b46f5b42b172c4342431, type: 3}
      propertyPath: _potteryButton
      value: 
      objectReference: {fileID: 7540550890370020344}
    - target: {fileID: 6942506031036219219, guid: 7291521cc832b46f5b42b172c4342431, type: 3}
      propertyPath: _woodcutterButton
      value: 
      objectReference: {fileID: 7540550890370020343}
    - target: {fileID: 7427028113923273924, guid: 7291521cc832b46f5b42b172c4342431, type: 3}
      propertyPath: m_Name
      value: Content [Show System]
      objectReference: {fileID: 0}
    - target: {fileID: 7477469498806038156, guid: 7291521cc832b46f5b42b172c4342431, type: 3}
      propertyPath: m_AnchorMax.x
      value: 0
      objectReference: {fileID: 0}
    - target: {fileID: 7477469498806038156, guid: 7291521cc832b46f5b42b172c4342431, type: 3}
      propertyPath: m_AnchorMax.y
      value: 0
      objectReference: {fileID: 0}
    - target: {fileID: 7477469498806038156, guid: 7291521cc832b46f5b42b172c4342431, type: 3}
      propertyPath: m_AnchorMin.x
      value: 0
      objectReference: {fileID: 0}
    - target: {fileID: 7508934998087363722, guid: 7291521cc832b46f5b42b172c4342431, type: 3}
      propertyPath: m_IsActive
      value: 0
      objectReference: {fileID: 0}
    - target: {fileID: 7662253180209628368, guid: 7291521cc832b46f5b42b172c4342431, type: 3}
      propertyPath: m_RootOrder
      value: 4
      objectReference: {fileID: 0}
    - target: {fileID: 7822725586211710841, guid: 7291521cc832b46f5b42b172c4342431, type: 3}
      propertyPath: mLocalizeTarget
      value: 
      objectReference: {fileID: 1697814085}
    - target: {fileID: 7872168691996288672, guid: 7291521cc832b46f5b42b172c4342431, type: 3}
      propertyPath: m_AnchorMax.x
      value: 0
      objectReference: {fileID: 0}
    - target: {fileID: 7872168691996288672, guid: 7291521cc832b46f5b42b172c4342431, type: 3}
      propertyPath: m_AnchorMax.y
      value: 0
      objectReference: {fileID: 0}
    - target: {fileID: 8163654451130390981, guid: 7291521cc832b46f5b42b172c4342431, type: 3}
      propertyPath: m_AnchorMax.y
      value: 0
      objectReference: {fileID: 0}
    - target: {fileID: 8163654451130390981, guid: 7291521cc832b46f5b42b172c4342431, type: 3}
      propertyPath: m_AnchorMin.y
      value: 0
      objectReference: {fileID: 0}
    - target: {fileID: 8163654451130390981, guid: 7291521cc832b46f5b42b172c4342431, type: 3}
      propertyPath: m_SizeDelta.x
      value: 0
      objectReference: {fileID: 0}
    - target: {fileID: 8163654451130390981, guid: 7291521cc832b46f5b42b172c4342431, type: 3}
      propertyPath: m_SizeDelta.y
      value: 0
      objectReference: {fileID: 0}
    - target: {fileID: 8163654451130390981, guid: 7291521cc832b46f5b42b172c4342431, type: 3}
      propertyPath: m_AnchoredPosition.x
      value: 0
      objectReference: {fileID: 0}
    - target: {fileID: 8163654451130390981, guid: 7291521cc832b46f5b42b172c4342431, type: 3}
      propertyPath: m_AnchoredPosition.y
      value: 0
      objectReference: {fileID: 0}
    - target: {fileID: 8266848929321331518, guid: 7291521cc832b46f5b42b172c4342431, type: 3}
      propertyPath: m_AnchorMax.y
      value: 0
      objectReference: {fileID: 0}
    - target: {fileID: 8266848929321331518, guid: 7291521cc832b46f5b42b172c4342431, type: 3}
      propertyPath: m_AnchorMin.y
      value: 0
      objectReference: {fileID: 0}
    - target: {fileID: 8266848929321331518, guid: 7291521cc832b46f5b42b172c4342431, type: 3}
      propertyPath: m_SizeDelta.x
      value: 0
      objectReference: {fileID: 0}
    - target: {fileID: 8266848929321331518, guid: 7291521cc832b46f5b42b172c4342431, type: 3}
      propertyPath: m_SizeDelta.y
      value: 0
      objectReference: {fileID: 0}
    - target: {fileID: 8266848929321331518, guid: 7291521cc832b46f5b42b172c4342431, type: 3}
      propertyPath: m_AnchoredPosition.x
      value: 0
      objectReference: {fileID: 0}
    - target: {fileID: 8266848929321331518, guid: 7291521cc832b46f5b42b172c4342431, type: 3}
      propertyPath: m_AnchoredPosition.y
      value: 0
      objectReference: {fileID: 0}
    - target: {fileID: 8905829868287390664, guid: 7291521cc832b46f5b42b172c4342431, type: 3}
      propertyPath: m_AnchorMax.x
      value: 0
      objectReference: {fileID: 0}
    - target: {fileID: 8905829868287390664, guid: 7291521cc832b46f5b42b172c4342431, type: 3}
      propertyPath: m_AnchorMax.y
      value: 0
      objectReference: {fileID: 0}
    m_RemovedComponents: []
  m_SourcePrefab: {fileID: 100100000, guid: 7291521cc832b46f5b42b172c4342431, type: 3}
--- !u!114 &2124074070 stripped
MonoBehaviour:
  m_CorrespondingSourceObject: {fileID: 2836167807942194269, guid: 7291521cc832b46f5b42b172c4342431, type: 3}
  m_PrefabInstance: {fileID: 2124074069}
  m_PrefabAsset: {fileID: 0}
  m_GameObject: {fileID: 0}
  m_Enabled: 1
  m_EditorHideFlags: 0
  m_Script: {fileID: 11500000, guid: 83be3bb4269243f3bb1c97258f3a8f85, type: 3}
  m_Name: 
  m_EditorClassIdentifier: 
--- !u!1001 &5013991257388282984
PrefabInstance:
  m_ObjectHideFlags: 0
  serializedVersion: 2
  m_Modification:
    m_TransformParent: {fileID: 183767384}
    m_Modifications:
    - target: {fileID: 5013991256708502762, guid: 7a94e609903bca34cb191bb8cbf8d3bf, type: 3}
      propertyPath: m_Name
      value: UISoundsContainer
      objectReference: {fileID: 0}
    - target: {fileID: 5013991256708502763, guid: 7a94e609903bca34cb191bb8cbf8d3bf, type: 3}
      propertyPath: m_RootOrder
      value: 9
      objectReference: {fileID: 0}
    - target: {fileID: 5013991256708502763, guid: 7a94e609903bca34cb191bb8cbf8d3bf, type: 3}
      propertyPath: m_LocalPosition.x
      value: 0
      objectReference: {fileID: 0}
    - target: {fileID: 5013991256708502763, guid: 7a94e609903bca34cb191bb8cbf8d3bf, type: 3}
      propertyPath: m_LocalPosition.y
      value: 0
      objectReference: {fileID: 0}
    - target: {fileID: 5013991256708502763, guid: 7a94e609903bca34cb191bb8cbf8d3bf, type: 3}
      propertyPath: m_LocalPosition.z
      value: 0
      objectReference: {fileID: 0}
    - target: {fileID: 5013991256708502763, guid: 7a94e609903bca34cb191bb8cbf8d3bf, type: 3}
      propertyPath: m_LocalRotation.w
      value: 1
      objectReference: {fileID: 0}
    - target: {fileID: 5013991256708502763, guid: 7a94e609903bca34cb191bb8cbf8d3bf, type: 3}
      propertyPath: m_LocalRotation.x
      value: 0
      objectReference: {fileID: 0}
    - target: {fileID: 5013991256708502763, guid: 7a94e609903bca34cb191bb8cbf8d3bf, type: 3}
      propertyPath: m_LocalRotation.y
      value: 0
      objectReference: {fileID: 0}
    - target: {fileID: 5013991256708502763, guid: 7a94e609903bca34cb191bb8cbf8d3bf, type: 3}
      propertyPath: m_LocalRotation.z
      value: 0
      objectReference: {fileID: 0}
    - target: {fileID: 5013991256708502763, guid: 7a94e609903bca34cb191bb8cbf8d3bf, type: 3}
      propertyPath: m_LocalEulerAnglesHint.x
      value: 0
      objectReference: {fileID: 0}
    - target: {fileID: 5013991256708502763, guid: 7a94e609903bca34cb191bb8cbf8d3bf, type: 3}
      propertyPath: m_LocalEulerAnglesHint.y
      value: 0
      objectReference: {fileID: 0}
    - target: {fileID: 5013991256708502763, guid: 7a94e609903bca34cb191bb8cbf8d3bf, type: 3}
      propertyPath: m_LocalEulerAnglesHint.z
      value: 0
      objectReference: {fileID: 0}
    - target: {fileID: 5013991256708502765, guid: 7a94e609903bca34cb191bb8cbf8d3bf, type: 3}
      propertyPath: _components.Array.size
      value: 1
      objectReference: {fileID: 0}
    - target: {fileID: 5013991256708502765, guid: 7a94e609903bca34cb191bb8cbf8d3bf, type: 3}
      propertyPath: _components.Array.data[1]
      value: 
      objectReference: {fileID: 0}
    m_RemovedComponents: []
  m_SourcePrefab: {fileID: 100100000, guid: 7a94e609903bca34cb191bb8cbf8d3bf, type: 3}
--- !u!1001 &7540550890370020342
PrefabInstance:
  m_ObjectHideFlags: 0
  serializedVersion: 2
  m_Modification:
    m_TransformParent: {fileID: 0}
    m_Modifications:
    - target: {fileID: 2799771472519124243, guid: 92e28c7d6ba4649e5aae7e03eacaee60, type: 3}
      propertyPath: m_Name
      value: Woodcutting Door
      objectReference: {fileID: 0}
    - target: {fileID: 2799771472543016673, guid: 92e28c7d6ba4649e5aae7e03eacaee60, type: 3}
      propertyPath: m_Name
      value: Pottery Door
      objectReference: {fileID: 0}
    - target: {fileID: 3944747567061016247, guid: 92e28c7d6ba4649e5aae7e03eacaee60, type: 3}
      propertyPath: _potteryClickEvent.m_PersistentCalls.m_Calls.Array.data[0].m_Target
      value: 
      objectReference: {fileID: 2124074070}
    - target: {fileID: 3944747567061016247, guid: 92e28c7d6ba4649e5aae7e03eacaee60, type: 3}
      propertyPath: _tutorialClickEvent.m_PersistentCalls.m_Calls.Array.data[0].m_Target
      value: 
      objectReference: {fileID: 2124074070}
    - target: {fileID: 3944747567061016247, guid: 92e28c7d6ba4649e5aae7e03eacaee60, type: 3}
      propertyPath: _woodcuttingClickEvent.m_PersistentCalls.m_Calls.Array.data[0].m_Target
      value: 
      objectReference: {fileID: 2124074070}
    - target: {fileID: 3990752913600761824, guid: 92e28c7d6ba4649e5aae7e03eacaee60, type: 3}
      propertyPath: _potteryClickEvent.m_PersistentCalls.m_Calls.Array.data[0].m_Target
      value: 
      objectReference: {fileID: 2124074070}
    - target: {fileID: 3990752913600761824, guid: 92e28c7d6ba4649e5aae7e03eacaee60, type: 3}
      propertyPath: _tutorialClickEvent.m_PersistentCalls.m_Calls.Array.data[0].m_Target
      value: 
      objectReference: {fileID: 2124074070}
    - target: {fileID: 3990752913600761824, guid: 92e28c7d6ba4649e5aae7e03eacaee60, type: 3}
      propertyPath: _woodcuttingClickEvent.m_PersistentCalls.m_Calls.Array.data[0].m_Target
      value: 
      objectReference: {fileID: 2124074070}
    - target: {fileID: 7540550889567764898, guid: 92e28c7d6ba4649e5aae7e03eacaee60, type: 3}
      propertyPath: m_Name
      value: --- HUBView ---
      objectReference: {fileID: 0}
    - target: {fileID: 7540550889567764899, guid: 92e28c7d6ba4649e5aae7e03eacaee60, type: 3}
      propertyPath: m_RootOrder
      value: 1
      objectReference: {fileID: 0}
    - target: {fileID: 7540550889567764899, guid: 92e28c7d6ba4649e5aae7e03eacaee60, type: 3}
      propertyPath: m_LocalPosition.x
      value: 0
      objectReference: {fileID: 0}
    - target: {fileID: 7540550889567764899, guid: 92e28c7d6ba4649e5aae7e03eacaee60, type: 3}
      propertyPath: m_LocalPosition.y
      value: 0
      objectReference: {fileID: 0}
    - target: {fileID: 7540550889567764899, guid: 92e28c7d6ba4649e5aae7e03eacaee60, type: 3}
      propertyPath: m_LocalPosition.z
      value: 0
      objectReference: {fileID: 0}
    - target: {fileID: 7540550889567764899, guid: 92e28c7d6ba4649e5aae7e03eacaee60, type: 3}
      propertyPath: m_LocalRotation.w
      value: 1
      objectReference: {fileID: 0}
    - target: {fileID: 7540550889567764899, guid: 92e28c7d6ba4649e5aae7e03eacaee60, type: 3}
      propertyPath: m_LocalRotation.x
      value: 0
      objectReference: {fileID: 0}
    - target: {fileID: 7540550889567764899, guid: 92e28c7d6ba4649e5aae7e03eacaee60, type: 3}
      propertyPath: m_LocalRotation.y
      value: 0
      objectReference: {fileID: 0}
    - target: {fileID: 7540550889567764899, guid: 92e28c7d6ba4649e5aae7e03eacaee60, type: 3}
      propertyPath: m_LocalRotation.z
      value: 0
      objectReference: {fileID: 0}
    - target: {fileID: 7540550889567764899, guid: 92e28c7d6ba4649e5aae7e03eacaee60, type: 3}
      propertyPath: m_LocalEulerAnglesHint.x
      value: 0
      objectReference: {fileID: 0}
    - target: {fileID: 7540550889567764899, guid: 92e28c7d6ba4649e5aae7e03eacaee60, type: 3}
      propertyPath: m_LocalEulerAnglesHint.y
      value: 0
      objectReference: {fileID: 0}
    - target: {fileID: 7540550889567764899, guid: 92e28c7d6ba4649e5aae7e03eacaee60, type: 3}
      propertyPath: m_LocalEulerAnglesHint.z
      value: 0
      objectReference: {fileID: 0}
    - target: {fileID: 8893206245444470652, guid: 92e28c7d6ba4649e5aae7e03eacaee60, type: 3}
      propertyPath: mLocalizeTarget
      value: 
      objectReference: {fileID: 1808501211}
    m_RemovedComponents: []
  m_SourcePrefab: {fileID: 100100000, guid: 92e28c7d6ba4649e5aae7e03eacaee60, type: 3}
--- !u!114 &7540550890370020343 stripped
MonoBehaviour:
  m_CorrespondingSourceObject: {fileID: 1879866859010862921, guid: 92e28c7d6ba4649e5aae7e03eacaee60, type: 3}
  m_PrefabInstance: {fileID: 7540550890370020342}
  m_PrefabAsset: {fileID: 0}
  m_GameObject: {fileID: 0}
  m_Enabled: 1
  m_EditorHideFlags: 0
  m_Script: {fileID: 11500000, guid: 4e29b1a8efbd4b44bb3f3716e73f07ff, type: 3}
  m_Name: 
  m_EditorClassIdentifier: 
--- !u!114 &7540550890370020344 stripped
MonoBehaviour:
  m_CorrespondingSourceObject: {fileID: 1879866859116534971, guid: 92e28c7d6ba4649e5aae7e03eacaee60, type: 3}
  m_PrefabInstance: {fileID: 7540550890370020342}
  m_PrefabAsset: {fileID: 0}
  m_GameObject: {fileID: 0}
  m_Enabled: 1
  m_EditorHideFlags: 0
  m_Script: {fileID: 11500000, guid: 4e29b1a8efbd4b44bb3f3716e73f07ff, type: 3}
  m_Name: 
  m_EditorClassIdentifier: 
--- !u!114 &7540550890370020345 stripped
MonoBehaviour:
  m_CorrespondingSourceObject: {fileID: 7937805525423144789, guid: 92e28c7d6ba4649e5aae7e03eacaee60, type: 3}
  m_PrefabInstance: {fileID: 7540550890370020342}
  m_PrefabAsset: {fileID: 0}
  m_GameObject: {fileID: 0}
  m_Enabled: 1
  m_EditorHideFlags: 0
  m_Script: {fileID: 11500000, guid: 9541d86e2fd84c1d9990edf0852d74ab, type: 3}
  m_Name: 
  m_EditorClassIdentifier: 
