%YAML 1.1
%TAG !u! tag:unity3d.com,2011:
--- !u!114 &3984756944324821888
MonoBehaviour:
  m_ObjectHideFlags: 0
  m_CorrespondingSourceObject: {fileID: 0}
  m_PrefabInstance: {fileID: 0}
  m_PrefabAsset: {fileID: 0}
  m_GameObject: {fileID: 6554953746328475970}
  m_Enabled: 1
  m_EditorHideFlags: 0
  m_Script: {fileID: 11500000, guid: 6e0ebd2ebb607dd49a3b18242be85354, type: 3}
  m_Name: 
  m_EditorClassIdentifier: 
  _rigidbody: {fileID: 7184131812789662497}
  _collider: {fileID: 4786750789703148341}
--- !u!54 &7184131812789662497
Rigidbody:
  m_ObjectHideFlags: 0
  m_CorrespondingSourceObject: {fileID: 0}
  m_PrefabInstance: {fileID: 0}
  m_PrefabAsset: {fileID: 0}
  m_GameObject: {fileID: 6554953746328475970}
  serializedVersion: 2
  m_Mass: 1
  m_Drag: 0
  m_AngularDrag: 0.05
  m_UseGravity: 1
  m_IsKinematic: 1
  m_Interpolate: 0
  m_Constraints: 0
  m_CollisionDetection: 0
--- !u!64 &4786750789703148341
MeshCollider:
  m_ObjectHideFlags: 0
  m_CorrespondingSourceObject: {fileID: 0}
  m_PrefabInstance: {fileID: 0}
  m_PrefabAsset: {fileID: 0}
  m_GameObject: {fileID: 6554953746328475970}
  m_Material: {fileID: 0}
  m_IsTrigger: 0
  m_Enabled: 0
  serializedVersion: 4
  m_Convex: 1
  m_CookingOptions: 30
  m_Mesh: {fileID: -7094014691829108092, guid: 5e94c56177b6b3140a1a30aa42897538, type: 3}
--- !u!54 &1915414456473334532
Rigidbody:
  m_ObjectHideFlags: 0
  m_CorrespondingSourceObject: {fileID: 0}
  m_PrefabInstance: {fileID: 0}
  m_PrefabAsset: {fileID: 0}
  m_GameObject: {fileID: 2727662823121415136}
  serializedVersion: 2
  m_Mass: 1
  m_Drag: 0
  m_AngularDrag: 0.05
  m_UseGravity: 1
  m_IsKinematic: 1
  m_Interpolate: 0
  m_Constraints: 0
  m_CollisionDetection: 0
--- !u!65 &7952874411272033745
BoxCollider:
  m_ObjectHideFlags: 0
  m_CorrespondingSourceObject: {fileID: 0}
  m_PrefabInstance: {fileID: 0}
  m_PrefabAsset: {fileID: 0}
  m_GameObject: {fileID: 2727662823121415136}
  m_Material: {fileID: 0}
  m_IsTrigger: 0
  m_Enabled: 0
  serializedVersion: 2
  m_Size: {x: 0.006, y: 0.030000001, z: 0.005908847}
  m_Center: {x: 0, y: 0.000000003259629, z: 0}
--- !u!114 &3376171893300207935
MonoBehaviour:
  m_ObjectHideFlags: 0
  m_CorrespondingSourceObject: {fileID: 0}
  m_PrefabInstance: {fileID: 0}
  m_PrefabAsset: {fileID: 0}
  m_GameObject: {fileID: 8320990261352576167}
  m_Enabled: 1
  m_EditorHideFlags: 0
  m_Script: {fileID: 11500000, guid: 0c3ea44eef20b0b4396ebe666c9a6eeb, type: 3}
  m_Name: 
  m_EditorClassIdentifier: 
  customRenderer: {fileID: 0}
  textureResolution: 4
  extendsIslandOffset: 0.15
--- !u!64 &2079079079356696191
MeshCollider:
  m_ObjectHideFlags: 0
  m_CorrespondingSourceObject: {fileID: 0}
  m_PrefabInstance: {fileID: 0}
  m_PrefabAsset: {fileID: 0}
  m_GameObject: {fileID: 3232365715328971564}
  m_Material: {fileID: 0}
  m_IsTrigger: 0
  m_Enabled: 1
  serializedVersion: 4
  m_Convex: 0
  m_CookingOptions: 30
  m_Mesh: {fileID: -4331657275338700086, guid: 5e94c56177b6b3140a1a30aa42897538, type: 3}
--- !u!64 &4302007633015135158
MeshCollider:
  m_ObjectHideFlags: 0
  m_CorrespondingSourceObject: {fileID: 0}
  m_PrefabInstance: {fileID: 0}
  m_PrefabAsset: {fileID: 0}
  m_GameObject: {fileID: 5894690908720740552}
  m_Material: {fileID: 0}
  m_IsTrigger: 0
  m_Enabled: 1
  serializedVersion: 4
  m_Convex: 0
  m_CookingOptions: 30
  m_Mesh: {fileID: -1483768296430770542, guid: 5e94c56177b6b3140a1a30aa42897538, type: 3}
--- !u!1001 &3266500728636162809
PrefabInstance:
  m_ObjectHideFlags: 0
  serializedVersion: 2
  m_Modification:
    m_TransformParent: {fileID: 0}
    m_Modifications:
    - target: {fileID: 200421577408111658, guid: 039486a256e58244395733b0e21a13d2, type: 3}
      propertyPath: m_RootOrder
      value: 0
      objectReference: {fileID: 0}
    - target: {fileID: 200421577408111658, guid: 039486a256e58244395733b0e21a13d2, type: 3}
      propertyPath: m_LocalPosition.x
      value: 0
      objectReference: {fileID: 0}
    - target: {fileID: 200421577408111658, guid: 039486a256e58244395733b0e21a13d2, type: 3}
      propertyPath: m_LocalPosition.y
      value: 0
      objectReference: {fileID: 0}
    - target: {fileID: 200421577408111658, guid: 039486a256e58244395733b0e21a13d2, type: 3}
      propertyPath: m_LocalPosition.z
      value: 0
      objectReference: {fileID: 0}
    - target: {fileID: 200421577408111658, guid: 039486a256e58244395733b0e21a13d2, type: 3}
      propertyPath: m_LocalRotation.w
      value: 1
      objectReference: {fileID: 0}
    - target: {fileID: 200421577408111658, guid: 039486a256e58244395733b0e21a13d2, type: 3}
      propertyPath: m_LocalRotation.x
      value: 0
      objectReference: {fileID: 0}
    - target: {fileID: 200421577408111658, guid: 039486a256e58244395733b0e21a13d2, type: 3}
      propertyPath: m_LocalRotation.y
      value: 0
      objectReference: {fileID: 0}
    - target: {fileID: 200421577408111658, guid: 039486a256e58244395733b0e21a13d2, type: 3}
      propertyPath: m_LocalRotation.z
      value: 0
      objectReference: {fileID: 0}
    - target: {fileID: 200421577408111658, guid: 039486a256e58244395733b0e21a13d2, type: 3}
      propertyPath: m_LocalEulerAnglesHint.x
      value: 0
      objectReference: {fileID: 0}
    - target: {fileID: 200421577408111658, guid: 039486a256e58244395733b0e21a13d2, type: 3}
      propertyPath: m_LocalEulerAnglesHint.y
      value: 90
      objectReference: {fileID: 0}
    - target: {fileID: 200421577408111658, guid: 039486a256e58244395733b0e21a13d2, type: 3}
      propertyPath: m_LocalEulerAnglesHint.z
      value: 0
      objectReference: {fileID: 0}
    - target: {fileID: 200421577408111659, guid: 039486a256e58244395733b0e21a13d2, type: 3}
      propertyPath: m_Name
      value: Prefab
      objectReference: {fileID: 0}
    - target: {fileID: 1482153838152494418, guid: 039486a256e58244395733b0e21a13d2, type: 3}
      propertyPath: m_Materials.Array.data[0]
      value: 
      objectReference: {fileID: 2100000, guid: 53fc984d5ee1d3c46a193a67737bfcaa, type: 2}
    - target: {fileID: 1986377789899891164, guid: 039486a256e58244395733b0e21a13d2, type: 3}
      propertyPath: m_Size.x
      value: 0.5999137
      objectReference: {fileID: 0}
    - target: {fileID: 1986377789899891164, guid: 039486a256e58244395733b0e21a13d2, type: 3}
      propertyPath: m_Size.z
      value: 0.22359125
      objectReference: {fileID: 0}
    - target: {fileID: 1986377789899891164, guid: 039486a256e58244395733b0e21a13d2, type: 3}
      propertyPath: m_Center.x
      value: -0.00000020861626
      objectReference: {fileID: 0}
    - target: {fileID: 1986377789899891164, guid: 039486a256e58244395733b0e21a13d2, type: 3}
      propertyPath: m_Center.z
      value: -0.000000022351742
      objectReference: {fileID: 0}
    - target: {fileID: 2546062923579179019, guid: 039486a256e58244395733b0e21a13d2, type: 3}
      propertyPath: vertexPathEditorData.Array.size
      value: 1
      objectReference: {fileID: 0}
    - target: {fileID: 2546062923579179019, guid: 039486a256e58244395733b0e21a13d2, type: 3}
      propertyPath: vertexPathEditorData.Array.data[0].sawingPart
      value: 
      objectReference: {fileID: 3984756944324821888}
    - target: {fileID: 2546062923579179019, guid: 039486a256e58244395733b0e21a13d2, type: 3}
      propertyPath: vertexPathEditorData.Array.data[0].triggerZone
      value: 
      objectReference: {fileID: 5817311479439326518}
    - target: {fileID: 2546062923579179019, guid: 039486a256e58244395733b0e21a13d2, type: 3}
      propertyPath: vertexPathEditorData.Array.data[0].overrideUVArea
      value: 0.9625001
      objectReference: {fileID: 0}
    - target: {fileID: 2546062923579179019, guid: 039486a256e58244395733b0e21a13d2, type: 3}
      propertyPath: vertexPathEditorData.Array.data[0].overrideUVSize.w
      value: 1
      objectReference: {fileID: 0}
    - target: {fileID: 2546062923579179019, guid: 039486a256e58244395733b0e21a13d2, type: 3}
      propertyPath: vertexPathEditorData.Array.data[0].overrideUVSize.x
      value: 0.025
      objectReference: {fileID: 0}
    - target: {fileID: 2546062923579179019, guid: 039486a256e58244395733b0e21a13d2, type: 3}
      propertyPath: vertexPathEditorData.Array.data[0].overrideUVSize.z
      value: 0.96250004
      objectReference: {fileID: 0}
    - target: {fileID: 2546062923579179019, guid: 039486a256e58244395733b0e21a13d2, type: 3}
      propertyPath: vertexPathEditorData.Array.data[0].vertexPathConfig
      value: 
      objectReference: {fileID: 11400000, guid: cdff6e9e57bbf5541ba4ce57d2769d6f, type: 2}
    - target: {fileID: 2678124249459416961, guid: 039486a256e58244395733b0e21a13d2, type: 3}
      propertyPath: m_Materials.Array.data[0]
      value: 
      objectReference: {fileID: 2100000, guid: 53fc984d5ee1d3c46a193a67737bfcaa, type: 2}
    - target: {fileID: 3003416048150525724, guid: 039486a256e58244395733b0e21a13d2, type: 3}
      propertyPath: m_Mesh
      value: 
      objectReference: {fileID: 4300000, guid: 804f09a3e1dfa3e438e15bd2221f10dc, type: 2}
    - target: {fileID: 3413720304906911714, guid: 039486a256e58244395733b0e21a13d2, type: 3}
      propertyPath: toningPaintable
      value: 
      objectReference: {fileID: 3376171893300207935}
    - target: {fileID: 3413720304906911714, guid: 039486a256e58244395733b0e21a13d2, type: 3}
      propertyPath: sawedFinalObject
      value: 
      objectReference: {fileID: 4287386418620976973}
    - target: {fileID: 3413720304906911714, guid: 039486a256e58244395733b0e21a13d2, type: 3}
      propertyPath: chamferedFinalObject
      value: 
      objectReference: {fileID: 316598183782165348}
    - target: {fileID: 3413720304906911714, guid: 039486a256e58244395733b0e21a13d2, type: 3}
      propertyPath: toningEditorData.Array.size
      value: 2
      objectReference: {fileID: 0}
    - target: {fileID: 3413720304906911714, guid: 039486a256e58244395733b0e21a13d2, type: 3}
      propertyPath: toningEditorData.Array.data[0].uvArea
      value: 0.058755074
      objectReference: {fileID: 0}
    - target: {fileID: 3413720304906911714, guid: 039486a256e58244395733b0e21a13d2, type: 3}
      propertyPath: toningEditorData.Array.data[1].uvArea
      value: 0.058755092
      objectReference: {fileID: 0}
    - target: {fileID: 3413720304906911714, guid: 039486a256e58244395733b0e21a13d2, type: 3}
      propertyPath: toningEditorData.Array.data[0].renderer
      value: 
      objectReference: {fileID: 8424141253524518109}
    - target: {fileID: 3413720304906911714, guid: 039486a256e58244395733b0e21a13d2, type: 3}
      propertyPath: toningEditorData.Array.data[1].renderer
      value: 
      objectReference: {fileID: 2266527561017664684}
    - target: {fileID: 4276362452957727951, guid: 039486a256e58244395733b0e21a13d2, type: 3}
      propertyPath: m_Mesh
      value: 
      objectReference: {fileID: 4300000, guid: e554026ce8ad9184f99e30b8b8501084, type: 2}
    - target: {fileID: 5556826411945738188, guid: 039486a256e58244395733b0e21a13d2, type: 3}
      propertyPath: vertexPathEditorData.Array.size
      value: 1
      objectReference: {fileID: 0}
    - target: {fileID: 5556826411945738188, guid: 039486a256e58244395733b0e21a13d2, type: 3}
      propertyPath: vertexPathEditorData.Array.data[0].sawingPart
      value: 
      objectReference: {fileID: 3984756944324821888}
    - target: {fileID: 5556826411945738188, guid: 039486a256e58244395733b0e21a13d2, type: 3}
      propertyPath: vertexPathEditorData.Array.data[0].triggerZone
      value: 
      objectReference: {fileID: 8335805872036740188}
    - target: {fileID: 5556826411945738188, guid: 039486a256e58244395733b0e21a13d2, type: 3}
      propertyPath: vertexPathEditorData.Array.data[0].vertexPathConfig
      value: 
      objectReference: {fileID: 11400000, guid: cdff6e9e57bbf5541ba4ce57d2769d6f, type: 2}
    - target: {fileID: 5946924383109660642, guid: 039486a256e58244395733b0e21a13d2, type: 3}
      propertyPath: m_LocalPosition.x
      value: -0.000000059604645
      objectReference: {fileID: 0}
    - target: {fileID: 5946924383109660642, guid: 039486a256e58244395733b0e21a13d2, type: 3}
      propertyPath: m_LocalPosition.y
      value: 0.015100256
      objectReference: {fileID: 0}
    - target: {fileID: 5946924383109660642, guid: 039486a256e58244395733b0e21a13d2, type: 3}
      propertyPath: m_LocalPosition.z
      value: -0.00000014899969
      objectReference: {fileID: 0}
    - target: {fileID: 6719680311252008809, guid: 039486a256e58244395733b0e21a13d2, type: 3}
      propertyPath: m_Mesh
      value: 
      objectReference: {fileID: 4300000, guid: 804f09a3e1dfa3e438e15bd2221f10dc, type: 2}
    - target: {fileID: 8567847429075496337, guid: 039486a256e58244395733b0e21a13d2, type: 3}
      propertyPath: m_Mesh
      value: 
      objectReference: {fileID: 4300000, guid: e554026ce8ad9184f99e30b8b8501084, type: 2}
    m_RemovedComponents: []
  m_SourcePrefab: {fileID: 100100000, guid: 039486a256e58244395733b0e21a13d2, type: 3}
--- !u!4 &3430893302710413011 stripped
Transform:
  m_CorrespondingSourceObject: {fileID: 200421577408111658, guid: 039486a256e58244395733b0e21a13d2, type: 3}
  m_PrefabInstance: {fileID: 3266500728636162809}
  m_PrefabAsset: {fileID: 0}
--- !u!4 &1405905834975881220 stripped
Transform:
  m_CorrespondingSourceObject: {fileID: 4527866894241966845, guid: 039486a256e58244395733b0e21a13d2, type: 3}
  m_PrefabInstance: {fileID: 3266500728636162809}
  m_PrefabAsset: {fileID: 0}
--- !u!4 &8357874491788047223 stripped
Transform:
  m_CorrespondingSourceObject: {fileID: 6821215703051989390, guid: 039486a256e58244395733b0e21a13d2, type: 3}
  m_PrefabInstance: {fileID: 3266500728636162809}
  m_PrefabAsset: {fileID: 0}
--- !u!4 &6960984172993592213 stripped
Transform:
  m_CorrespondingSourceObject: {fileID: 5606580361746184556, guid: 039486a256e58244395733b0e21a13d2, type: 3}
  m_PrefabInstance: {fileID: 3266500728636162809}
  m_PrefabAsset: {fileID: 0}
--- !u!1001 &4823767693357619815
PrefabInstance:
  m_ObjectHideFlags: 0
  serializedVersion: 2
  m_Modification:
    m_TransformParent: {fileID: 1405905834975881220}
    m_Modifications:
    - target: {fileID: 299579926811496707, guid: a60dad920f973ef47a56a55ab7a4c5eb, type: 3}
      propertyPath: m_Name
      value: DrillZone0
      objectReference: {fileID: 0}
    - target: {fileID: 5546204518371930970, guid: a60dad920f973ef47a56a55ab7a4c5eb, type: 3}
      propertyPath: _target
      value: 
      objectReference: {fileID: 2727662823121415136}
    - target: {fileID: 5616278134645749563, guid: a60dad920f973ef47a56a55ab7a4c5eb, type: 3}
      propertyPath: m_RootOrder
      value: 0
      objectReference: {fileID: 0}
    - target: {fileID: 5616278134645749563, guid: a60dad920f973ef47a56a55ab7a4c5eb, type: 3}
      propertyPath: m_LocalPosition.x
      value: -0.00000030593947
      objectReference: {fileID: 0}
    - target: {fileID: 5616278134645749563, guid: a60dad920f973ef47a56a55ab7a4c5eb, type: 3}
      propertyPath: m_LocalPosition.y
      value: 0.00000025657937
      objectReference: {fileID: 0}
    - target: {fileID: 5616278134645749563, guid: a60dad920f973ef47a56a55ab7a4c5eb, type: 3}
      propertyPath: m_LocalPosition.z
      value: -0.11358752
      objectReference: {fileID: 0}
    - target: {fileID: 5616278134645749563, guid: a60dad920f973ef47a56a55ab7a4c5eb, type: 3}
      propertyPath: m_LocalRotation.w
      value: 1
      objectReference: {fileID: 0}
    - target: {fileID: 5616278134645749563, guid: a60dad920f973ef47a56a55ab7a4c5eb, type: 3}
      propertyPath: m_LocalRotation.x
      value: 0.000000021855694
      objectReference: {fileID: 0}
    - target: {fileID: 5616278134645749563, guid: a60dad920f973ef47a56a55ab7a4c5eb, type: 3}
      propertyPath: m_LocalRotation.y
      value: -0
      objectReference: {fileID: 0}
    - target: {fileID: 5616278134645749563, guid: a60dad920f973ef47a56a55ab7a4c5eb, type: 3}
      propertyPath: m_LocalRotation.z
      value: -0
      objectReference: {fileID: 0}
    - target: {fileID: 5616278134645749563, guid: a60dad920f973ef47a56a55ab7a4c5eb, type: 3}
      propertyPath: m_LocalEulerAnglesHint.x
      value: 0
      objectReference: {fileID: 0}
    - target: {fileID: 5616278134645749563, guid: a60dad920f973ef47a56a55ab7a4c5eb, type: 3}
      propertyPath: m_LocalEulerAnglesHint.y
      value: 0
      objectReference: {fileID: 0}
    - target: {fileID: 5616278134645749563, guid: a60dad920f973ef47a56a55ab7a4c5eb, type: 3}
      propertyPath: m_LocalEulerAnglesHint.z
      value: 0
      objectReference: {fileID: 0}
    m_RemovedComponents: []
  m_SourcePrefab: {fileID: 100100000, guid: a60dad920f973ef47a56a55ab7a4c5eb, type: 3}
--- !u!1001 &5212201719043267478
PrefabInstance:
  m_ObjectHideFlags: 0
  serializedVersion: 2
  m_Modification:
    m_TransformParent: {fileID: 6960984172993592213}
    m_Modifications:
    - target: {fileID: 1041169334180894229, guid: 625bc8e2020555c45bca1019699d0569, type: 3}
      propertyPath: m_Name
      value: 0
      objectReference: {fileID: 0}
    - target: {fileID: 4322275452205688778, guid: 625bc8e2020555c45bca1019699d0569, type: 3}
      propertyPath: m_RootOrder
      value: 0
      objectReference: {fileID: 0}
    - target: {fileID: 4322275452205688778, guid: 625bc8e2020555c45bca1019699d0569, type: 3}
      propertyPath: m_LocalPosition.x
      value: -0.00000030593947
      objectReference: {fileID: 0}
    - target: {fileID: 4322275452205688778, guid: 625bc8e2020555c45bca1019699d0569, type: 3}
      propertyPath: m_LocalPosition.y
      value: 0.00000025657937
      objectReference: {fileID: 0}
    - target: {fileID: 4322275452205688778, guid: 625bc8e2020555c45bca1019699d0569, type: 3}
      propertyPath: m_LocalPosition.z
      value: -0.11358752
      objectReference: {fileID: 0}
    - target: {fileID: 4322275452205688778, guid: 625bc8e2020555c45bca1019699d0569, type: 3}
      propertyPath: m_LocalRotation.w
      value: 1
      objectReference: {fileID: 0}
    - target: {fileID: 4322275452205688778, guid: 625bc8e2020555c45bca1019699d0569, type: 3}
      propertyPath: m_LocalRotation.x
      value: 0.000000021855694
      objectReference: {fileID: 0}
    - target: {fileID: 4322275452205688778, guid: 625bc8e2020555c45bca1019699d0569, type: 3}
      propertyPath: m_LocalRotation.y
      value: -0
      objectReference: {fileID: 0}
    - target: {fileID: 4322275452205688778, guid: 625bc8e2020555c45bca1019699d0569, type: 3}
      propertyPath: m_LocalRotation.z
      value: -0
      objectReference: {fileID: 0}
    - target: {fileID: 4322275452205688778, guid: 625bc8e2020555c45bca1019699d0569, type: 3}
      propertyPath: m_LocalEulerAnglesHint.x
      value: 0
      objectReference: {fileID: 0}
    - target: {fileID: 4322275452205688778, guid: 625bc8e2020555c45bca1019699d0569, type: 3}
      propertyPath: m_LocalEulerAnglesHint.y
      value: 0
      objectReference: {fileID: 0}
    - target: {fileID: 4322275452205688778, guid: 625bc8e2020555c45bca1019699d0569, type: 3}
      propertyPath: m_LocalEulerAnglesHint.z
      value: 0
      objectReference: {fileID: 0}
    m_RemovedComponents: []
  m_SourcePrefab: {fileID: 100100000, guid: 625bc8e2020555c45bca1019699d0569, type: 3}
--- !u!4 &8335805872036740188 stripped
Transform:
  m_CorrespondingSourceObject: {fileID: 4322275452205688778, guid: 625bc8e2020555c45bca1019699d0569, type: 3}
  m_PrefabInstance: {fileID: 5212201719043267478}
  m_PrefabAsset: {fileID: 0}
--- !u!1001 &7728444586453113596
PrefabInstance:
  m_ObjectHideFlags: 0
  serializedVersion: 2
  m_Modification:
    m_TransformParent: {fileID: 8357874491788047223}
    m_Modifications:
    - target: {fileID: 1041169334180894229, guid: 625bc8e2020555c45bca1019699d0569, type: 3}
      propertyPath: m_Name
      value: 0
      objectReference: {fileID: 0}
    - target: {fileID: 4322275452205688778, guid: 625bc8e2020555c45bca1019699d0569, type: 3}
      propertyPath: m_RootOrder
      value: 0
      objectReference: {fileID: 0}
    - target: {fileID: 4322275452205688778, guid: 625bc8e2020555c45bca1019699d0569, type: 3}
      propertyPath: m_LocalPosition.x
      value: -0.00000030593947
      objectReference: {fileID: 0}
    - target: {fileID: 4322275452205688778, guid: 625bc8e2020555c45bca1019699d0569, type: 3}
      propertyPath: m_LocalPosition.y
      value: 0.00000025657937
      objectReference: {fileID: 0}
    - target: {fileID: 4322275452205688778, guid: 625bc8e2020555c45bca1019699d0569, type: 3}
      propertyPath: m_LocalPosition.z
      value: -0.11358752
      objectReference: {fileID: 0}
    - target: {fileID: 4322275452205688778, guid: 625bc8e2020555c45bca1019699d0569, type: 3}
      propertyPath: m_LocalRotation.w
      value: 1
      objectReference: {fileID: 0}
    - target: {fileID: 4322275452205688778, guid: 625bc8e2020555c45bca1019699d0569, type: 3}
      propertyPath: m_LocalRotation.x
      value: 0.000000021855694
      objectReference: {fileID: 0}
    - target: {fileID: 4322275452205688778, guid: 625bc8e2020555c45bca1019699d0569, type: 3}
      propertyPath: m_LocalRotation.y
      value: -0
      objectReference: {fileID: 0}
    - target: {fileID: 4322275452205688778, guid: 625bc8e2020555c45bca1019699d0569, type: 3}
      propertyPath: m_LocalRotation.z
      value: -0
      objectReference: {fileID: 0}
    - target: {fileID: 4322275452205688778, guid: 625bc8e2020555c45bca1019699d0569, type: 3}
      propertyPath: m_LocalEulerAnglesHint.x
      value: 0
      objectReference: {fileID: 0}
    - target: {fileID: 4322275452205688778, guid: 625bc8e2020555c45bca1019699d0569, type: 3}
      propertyPath: m_LocalEulerAnglesHint.y
      value: 0
      objectReference: {fileID: 0}
    - target: {fileID: 4322275452205688778, guid: 625bc8e2020555c45bca1019699d0569, type: 3}
      propertyPath: m_LocalEulerAnglesHint.z
      value: 0
      objectReference: {fileID: 0}
    m_RemovedComponents: []
  m_SourcePrefab: {fileID: 100100000, guid: 625bc8e2020555c45bca1019699d0569, type: 3}
--- !u!4 &5817311479439326518 stripped
Transform:
  m_CorrespondingSourceObject: {fileID: 4322275452205688778, guid: 625bc8e2020555c45bca1019699d0569, type: 3}
  m_PrefabInstance: {fileID: 7728444586453113596}
  m_PrefabAsset: {fileID: 0}
--- !u!1001 &8463961426654195642
PrefabInstance:
  m_ObjectHideFlags: 0
  serializedVersion: 2
  m_Modification:
    m_TransformParent: {fileID: 3430893302710413011}
    m_Modifications:
    - target: {fileID: -9106692117956256921, guid: 5e94c56177b6b3140a1a30aa42897538, type: 3}
      propertyPath: m_Materials.Array.data[0]
      value: 
      objectReference: {fileID: 2100000, guid: 9c7d87795e1647f4588eeaec887f720c, type: 2}
    - target: {fileID: -8679921383154817045, guid: 5e94c56177b6b3140a1a30aa42897538, type: 3}
      propertyPath: m_RootOrder
      value: 5
      objectReference: {fileID: 0}
    - target: {fileID: -8679921383154817045, guid: 5e94c56177b6b3140a1a30aa42897538, type: 3}
      propertyPath: m_LocalPosition.x
      value: 0
      objectReference: {fileID: 0}
    - target: {fileID: -8679921383154817045, guid: 5e94c56177b6b3140a1a30aa42897538, type: 3}
      propertyPath: m_LocalPosition.y
      value: 0
      objectReference: {fileID: 0}
    - target: {fileID: -8679921383154817045, guid: 5e94c56177b6b3140a1a30aa42897538, type: 3}
      propertyPath: m_LocalPosition.z
      value: 0
      objectReference: {fileID: 0}
    - target: {fileID: -8679921383154817045, guid: 5e94c56177b6b3140a1a30aa42897538, type: 3}
      propertyPath: m_LocalRotation.w
      value: 1
      objectReference: {fileID: 0}
    - target: {fileID: -8679921383154817045, guid: 5e94c56177b6b3140a1a30aa42897538, type: 3}
      propertyPath: m_LocalRotation.x
      value: 0
      objectReference: {fileID: 0}
    - target: {fileID: -8679921383154817045, guid: 5e94c56177b6b3140a1a30aa42897538, type: 3}
      propertyPath: m_LocalRotation.y
      value: 0
      objectReference: {fileID: 0}
    - target: {fileID: -8679921383154817045, guid: 5e94c56177b6b3140a1a30aa42897538, type: 3}
      propertyPath: m_LocalRotation.z
      value: 0
      objectReference: {fileID: 0}
    - target: {fileID: -8679921383154817045, guid: 5e94c56177b6b3140a1a30aa42897538, type: 3}
      propertyPath: m_LocalEulerAnglesHint.x
      value: 0
      objectReference: {fileID: 0}
    - target: {fileID: -8679921383154817045, guid: 5e94c56177b6b3140a1a30aa42897538, type: 3}
      propertyPath: m_LocalEulerAnglesHint.y
      value: 0
      objectReference: {fileID: 0}
    - target: {fileID: -8679921383154817045, guid: 5e94c56177b6b3140a1a30aa42897538, type: 3}
      propertyPath: m_LocalEulerAnglesHint.z
      value: 0
      objectReference: {fileID: 0}
    - target: {fileID: -8304165988336708371, guid: 5e94c56177b6b3140a1a30aa42897538, type: 3}
      propertyPath: m_Materials.Array.data[0]
      value: 
      objectReference: {fileID: 2100000, guid: 9c7d87795e1647f4588eeaec887f720c, type: 2}
    - target: {fileID: -5635648308888094064, guid: 5e94c56177b6b3140a1a30aa42897538, type: 3}
      propertyPath: m_IsActive
      value: 0
      objectReference: {fileID: 0}
    - target: {fileID: -2761371308733145962, guid: 5e94c56177b6b3140a1a30aa42897538, type: 3}
      propertyPath: m_TagString
      value: Paintable
      objectReference: {fileID: 0}
    - target: {fileID: -1584604217131939050, guid: 5e94c56177b6b3140a1a30aa42897538, type: 3}
      propertyPath: m_Materials.Array.data[0]
      value: 
      objectReference: {fileID: 2100000, guid: 9c7d87795e1647f4588eeaec887f720c, type: 2}
    - target: {fileID: 919132149155446097, guid: 5e94c56177b6b3140a1a30aa42897538, type: 3}
      propertyPath: m_Name
      value: View
      objectReference: {fileID: 0}
    - target: {fileID: 2645915585163220850, guid: 5e94c56177b6b3140a1a30aa42897538, type: 3}
      propertyPath: m_TagString
      value: Paintable
      objectReference: {fileID: 0}
    - target: {fileID: 2863401228860799273, guid: 5e94c56177b6b3140a1a30aa42897538, type: 3}
      propertyPath: m_Materials.Array.data[0]
      value: 
      objectReference: {fileID: 2100000, guid: 9c7d87795e1647f4588eeaec887f720c, type: 2}
    - target: {fileID: 4422263855929999646, guid: 5e94c56177b6b3140a1a30aa42897538, type: 3}
      propertyPath: m_Materials.Array.data[0]
      value: 
      objectReference: {fileID: 2100000, guid: 9c7d87795e1647f4588eeaec887f720c, type: 2}
    m_RemovedComponents: []
  m_SourcePrefab: {fileID: 100100000, guid: 5e94c56177b6b3140a1a30aa42897538, type: 3}
--- !u!1 &6554953746328475970 stripped
GameObject:
  m_CorrespondingSourceObject: {fileID: -5800117757692168456, guid: 5e94c56177b6b3140a1a30aa42897538, type: 3}
  m_PrefabInstance: {fileID: 8463961426654195642}
  m_PrefabAsset: {fileID: 0}
--- !u!1 &2727662823121415136 stripped
GameObject:
  m_CorrespondingSourceObject: {fileID: 5813182778843595866, guid: 5e94c56177b6b3140a1a30aa42897538, type: 3}
  m_PrefabInstance: {fileID: 8463961426654195642}
  m_PrefabAsset: {fileID: 0}
--- !u!4 &4287386418620976973 stripped
Transform:
  m_CorrespondingSourceObject: {fileID: 5623257785562570999, guid: 5e94c56177b6b3140a1a30aa42897538, type: 3}
  m_PrefabInstance: {fileID: 8463961426654195642}
  m_PrefabAsset: {fileID: 0}
--- !u!1 &8320990261352576167 stripped
GameObject:
  m_CorrespondingSourceObject: {fileID: -8787630507632141539, guid: 5e94c56177b6b3140a1a30aa42897538, type: 3}
  m_PrefabInstance: {fileID: 8463961426654195642}
  m_PrefabAsset: {fileID: 0}
--- !u!4 &316598183782165348 stripped
Transform:
  m_CorrespondingSourceObject: {fileID: 8147786109532390622, guid: 5e94c56177b6b3140a1a30aa42897538, type: 3}
  m_PrefabInstance: {fileID: 8463961426654195642}
  m_PrefabAsset: {fileID: 0}
--- !u!1 &3232365715328971564 stripped
GameObject:
  m_CorrespondingSourceObject: {fileID: -2761371308733145962, guid: 5e94c56177b6b3140a1a30aa42897538, type: 3}
  m_PrefabInstance: {fileID: 8463961426654195642}
  m_PrefabAsset: {fileID: 0}
--- !u!23 &2266527561017664684 stripped
MeshRenderer:
  m_CorrespondingSourceObject: {fileID: -1584604217131939050, guid: 5e94c56177b6b3140a1a30aa42897538, type: 3}
  m_PrefabInstance: {fileID: 8463961426654195642}
  m_PrefabAsset: {fileID: 0}
--- !u!1 &5894690908720740552 stripped
GameObject:
  m_CorrespondingSourceObject: {fileID: 2645915585163220850, guid: 5e94c56177b6b3140a1a30aa42897538, type: 3}
  m_PrefabInstance: {fileID: 8463961426654195642}
  m_PrefabAsset: {fileID: 0}
--- !u!23 &8424141253524518109 stripped
MeshRenderer:
  m_CorrespondingSourceObject: {fileID: -9106692117956256921, guid: 5e94c56177b6b3140a1a30aa42897538, type: 3}
  m_PrefabInstance: {fileID: 8463961426654195642}
  m_PrefabAsset: {fileID: 0}
