%YAML 1.1
%TAG !u! tag:unity3d.com,2011:
--- !u!114 &5847600781496318243
MonoBehaviour:
  m_ObjectHideFlags: 0
  m_CorrespondingSourceObject: {fileID: 0}
  m_PrefabInstance: {fileID: 0}
  m_PrefabAsset: {fileID: 0}
  m_GameObject: {fileID: 6463291019989705145}
  m_Enabled: 1
  m_EditorHideFlags: 0
  m_Script: {fileID: 11500000, guid: 6e0ebd2ebb607dd49a3b18242be85354, type: 3}
  m_Name: 
  m_EditorClassIdentifier: 
  _rigidbody: {fileID: 2360535163111868607}
  _collider: {fileID: 185874918215620176}
--- !u!54 &2360535163111868607
Rigidbody:
  m_ObjectHideFlags: 0
  m_CorrespondingSourceObject: {fileID: 0}
  m_PrefabInstance: {fileID: 0}
  m_PrefabAsset: {fileID: 0}
  m_GameObject: {fileID: 6463291019989705145}
  serializedVersion: 2
  m_Mass: 1
  m_Drag: 0
  m_AngularDrag: 0.05
  m_UseGravity: 1
  m_IsKinematic: 1
  m_Interpolate: 0
  m_Constraints: 0
  m_CollisionDetection: 0
--- !u!64 &185874918215620176
MeshCollider:
  m_ObjectHideFlags: 0
  m_CorrespondingSourceObject: {fileID: 0}
  m_PrefabInstance: {fileID: 0}
  m_PrefabAsset: {fileID: 0}
  m_GameObject: {fileID: 6463291019989705145}
  m_Material: {fileID: 0}
  m_IsTrigger: 0
  m_Enabled: 0
  serializedVersion: 4
  m_Convex: 1
  m_CookingOptions: 30
  m_Mesh: {fileID: -7094014691829108092, guid: 506553a749b3eed4fa56f880dce66caf, type: 3}
--- !u!54 &7666455821111134960
Rigidbody:
  m_ObjectHideFlags: 0
  m_CorrespondingSourceObject: {fileID: 0}
  m_PrefabInstance: {fileID: 0}
  m_PrefabAsset: {fileID: 0}
  m_GameObject: {fileID: 2783081226930737947}
  serializedVersion: 2
  m_Mass: 1
  m_Drag: 0
  m_AngularDrag: 0.05
  m_UseGravity: 1
  m_IsKinematic: 1
  m_Interpolate: 0
  m_Constraints: 0
  m_CollisionDetection: 0
--- !u!65 &9176131644522460592
BoxCollider:
  m_ObjectHideFlags: 0
  m_CorrespondingSourceObject: {fileID: 0}
  m_PrefabInstance: {fileID: 0}
  m_PrefabAsset: {fileID: 0}
  m_GameObject: {fileID: 2783081226930737947}
  m_Material: {fileID: 0}
  m_IsTrigger: 0
  m_Enabled: 0
  serializedVersion: 2
  m_Size: {x: 0.0059999973, y: 0.030000001, z: 0.005908847}
  m_Center: {x: 0, y: -4.656613e-10, z: 0}
--- !u!114 &4942690819642604788
MonoBehaviour:
  m_ObjectHideFlags: 0
  m_CorrespondingSourceObject: {fileID: 0}
  m_PrefabInstance: {fileID: 0}
  m_PrefabAsset: {fileID: 0}
  m_GameObject: {fileID: 8088464715137977436}
  m_Enabled: 1
  m_EditorHideFlags: 0
  m_Script: {fileID: 11500000, guid: 0c3ea44eef20b0b4396ebe666c9a6eeb, type: 3}
  m_Name: 
  m_EditorClassIdentifier: 
  customRenderer: {fileID: 0}
  textureResolution: 4
  extendsIslandOffset: 0.15
--- !u!64 &6151743668896783272
MeshCollider:
  m_ObjectHideFlags: 0
  m_CorrespondingSourceObject: {fileID: 0}
  m_PrefabInstance: {fileID: 0}
  m_PrefabAsset: {fileID: 0}
  m_GameObject: {fileID: 3431263793817488343}
  m_Material: {fileID: 0}
  m_IsTrigger: 0
  m_Enabled: 1
  serializedVersion: 4
  m_Convex: 0
  m_CookingOptions: 30
  m_Mesh: {fileID: -4331657275338700086, guid: 506553a749b3eed4fa56f880dce66caf, type: 3}
--- !u!64 &9119194515279541793
MeshCollider:
  m_ObjectHideFlags: 0
  m_CorrespondingSourceObject: {fileID: 0}
  m_PrefabInstance: {fileID: 0}
  m_PrefabAsset: {fileID: 0}
  m_GameObject: {fileID: 5948060375704731699}
  m_Material: {fileID: 0}
  m_IsTrigger: 0
  m_Enabled: 1
  serializedVersion: 4
  m_Convex: 0
  m_CookingOptions: 30
  m_Mesh: {fileID: -1483768296430770542, guid: 506553a749b3eed4fa56f880dce66caf, type: 3}
--- !u!1001 &4982812624270036535
PrefabInstance:
  m_ObjectHideFlags: 0
  serializedVersion: 2
  m_Modification:
    m_TransformParent: {fileID: 5463631540503575829}
    m_Modifications:
    - target: {fileID: 299579926811496707, guid: a60dad920f973ef47a56a55ab7a4c5eb, type: 3}
      propertyPath: m_Name
      value: DrillZone0
      objectReference: {fileID: 0}
    - target: {fileID: 5546204518371930970, guid: a60dad920f973ef47a56a55ab7a4c5eb, type: 3}
      propertyPath: _target
      value: 
      objectReference: {fileID: 2783081226930737947}
    - target: {fileID: 5616278134645749563, guid: a60dad920f973ef47a56a55ab7a4c5eb, type: 3}
      propertyPath: m_RootOrder
      value: 0
      objectReference: {fileID: 0}
    - target: {fileID: 5616278134645749563, guid: a60dad920f973ef47a56a55ab7a4c5eb, type: 3}
      propertyPath: m_LocalPosition.x
      value: -0.075604126
      objectReference: {fileID: 0}
    - target: {fileID: 5616278134645749563, guid: a60dad920f973ef47a56a55ab7a4c5eb, type: 3}
      propertyPath: m_LocalPosition.y
      value: 0.000000241292
      objectReference: {fileID: 0}
    - target: {fileID: 5616278134645749563, guid: a60dad920f973ef47a56a55ab7a4c5eb, type: 3}
      propertyPath: m_LocalPosition.z
      value: -0.023124473
      objectReference: {fileID: 0}
    - target: {fileID: 5616278134645749563, guid: a60dad920f973ef47a56a55ab7a4c5eb, type: 3}
      propertyPath: m_LocalRotation.w
      value: 1
      objectReference: {fileID: 0}
    - target: {fileID: 5616278134645749563, guid: a60dad920f973ef47a56a55ab7a4c5eb, type: 3}
      propertyPath: m_LocalRotation.x
      value: 0.000000021855694
      objectReference: {fileID: 0}
    - target: {fileID: 5616278134645749563, guid: a60dad920f973ef47a56a55ab7a4c5eb, type: 3}
      propertyPath: m_LocalRotation.y
      value: -0
      objectReference: {fileID: 0}
    - target: {fileID: 5616278134645749563, guid: a60dad920f973ef47a56a55ab7a4c5eb, type: 3}
      propertyPath: m_LocalRotation.z
      value: -0
      objectReference: {fileID: 0}
    - target: {fileID: 5616278134645749563, guid: a60dad920f973ef47a56a55ab7a4c5eb, type: 3}
      propertyPath: m_LocalEulerAnglesHint.x
      value: 0
      objectReference: {fileID: 0}
    - target: {fileID: 5616278134645749563, guid: a60dad920f973ef47a56a55ab7a4c5eb, type: 3}
      propertyPath: m_LocalEulerAnglesHint.y
      value: 0
      objectReference: {fileID: 0}
    - target: {fileID: 5616278134645749563, guid: a60dad920f973ef47a56a55ab7a4c5eb, type: 3}
      propertyPath: m_LocalEulerAnglesHint.z
      value: 0
      objectReference: {fileID: 0}
    m_RemovedComponents: []
  m_SourcePrefab: {fileID: 100100000, guid: a60dad920f973ef47a56a55ab7a4c5eb, type: 3}
--- !u!1001 &5475315993010542236
PrefabInstance:
  m_ObjectHideFlags: 0
  serializedVersion: 2
  m_Modification:
    m_TransformParent: {fileID: 4092103145643126404}
    m_Modifications:
    - target: {fileID: 1041169334180894229, guid: 625bc8e2020555c45bca1019699d0569, type: 3}
      propertyPath: m_Name
      value: 0
      objectReference: {fileID: 0}
    - target: {fileID: 4322275452205688778, guid: 625bc8e2020555c45bca1019699d0569, type: 3}
      propertyPath: m_RootOrder
      value: 0
      objectReference: {fileID: 0}
    - target: {fileID: 4322275452205688778, guid: 625bc8e2020555c45bca1019699d0569, type: 3}
      propertyPath: m_LocalPosition.x
      value: -0.075604126
      objectReference: {fileID: 0}
    - target: {fileID: 4322275452205688778, guid: 625bc8e2020555c45bca1019699d0569, type: 3}
      propertyPath: m_LocalPosition.y
      value: 0.000000241292
      objectReference: {fileID: 0}
    - target: {fileID: 4322275452205688778, guid: 625bc8e2020555c45bca1019699d0569, type: 3}
      propertyPath: m_LocalPosition.z
      value: -0.023124473
      objectReference: {fileID: 0}
    - target: {fileID: 4322275452205688778, guid: 625bc8e2020555c45bca1019699d0569, type: 3}
      propertyPath: m_LocalRotation.w
      value: 1
      objectReference: {fileID: 0}
    - target: {fileID: 4322275452205688778, guid: 625bc8e2020555c45bca1019699d0569, type: 3}
      propertyPath: m_LocalRotation.x
      value: 0.000000021855694
      objectReference: {fileID: 0}
    - target: {fileID: 4322275452205688778, guid: 625bc8e2020555c45bca1019699d0569, type: 3}
      propertyPath: m_LocalRotation.y
      value: -0
      objectReference: {fileID: 0}
    - target: {fileID: 4322275452205688778, guid: 625bc8e2020555c45bca1019699d0569, type: 3}
      propertyPath: m_LocalRotation.z
      value: -0
      objectReference: {fileID: 0}
    - target: {fileID: 4322275452205688778, guid: 625bc8e2020555c45bca1019699d0569, type: 3}
      propertyPath: m_LocalEulerAnglesHint.x
      value: 0
      objectReference: {fileID: 0}
    - target: {fileID: 4322275452205688778, guid: 625bc8e2020555c45bca1019699d0569, type: 3}
      propertyPath: m_LocalEulerAnglesHint.y
      value: 0
      objectReference: {fileID: 0}
    - target: {fileID: 4322275452205688778, guid: 625bc8e2020555c45bca1019699d0569, type: 3}
      propertyPath: m_LocalEulerAnglesHint.z
      value: 0
      objectReference: {fileID: 0}
    m_RemovedComponents: []
  m_SourcePrefab: {fileID: 100100000, guid: 625bc8e2020555c45bca1019699d0569, type: 3}
--- !u!4 &8072689676042170710 stripped
Transform:
  m_CorrespondingSourceObject: {fileID: 4322275452205688778, guid: 625bc8e2020555c45bca1019699d0569, type: 3}
  m_PrefabInstance: {fileID: 5475315993010542236}
  m_PrefabAsset: {fileID: 0}
--- !u!1001 &5957993833876088825
PrefabInstance:
  m_ObjectHideFlags: 0
  serializedVersion: 2
  m_Modification:
    m_TransformParent: {fileID: 3147262466092967526}
    m_Modifications:
    - target: {fileID: 1041169334180894229, guid: 625bc8e2020555c45bca1019699d0569, type: 3}
      propertyPath: m_Name
      value: 0
      objectReference: {fileID: 0}
    - target: {fileID: 4322275452205688778, guid: 625bc8e2020555c45bca1019699d0569, type: 3}
      propertyPath: m_RootOrder
      value: 0
      objectReference: {fileID: 0}
    - target: {fileID: 4322275452205688778, guid: 625bc8e2020555c45bca1019699d0569, type: 3}
      propertyPath: m_LocalPosition.x
      value: -0.075604126
      objectReference: {fileID: 0}
    - target: {fileID: 4322275452205688778, guid: 625bc8e2020555c45bca1019699d0569, type: 3}
      propertyPath: m_LocalPosition.y
      value: 0.000000241292
      objectReference: {fileID: 0}
    - target: {fileID: 4322275452205688778, guid: 625bc8e2020555c45bca1019699d0569, type: 3}
      propertyPath: m_LocalPosition.z
      value: -0.023124473
      objectReference: {fileID: 0}
    - target: {fileID: 4322275452205688778, guid: 625bc8e2020555c45bca1019699d0569, type: 3}
      propertyPath: m_LocalRotation.w
      value: 1
      objectReference: {fileID: 0}
    - target: {fileID: 4322275452205688778, guid: 625bc8e2020555c45bca1019699d0569, type: 3}
      propertyPath: m_LocalRotation.x
      value: 0.000000021855694
      objectReference: {fileID: 0}
    - target: {fileID: 4322275452205688778, guid: 625bc8e2020555c45bca1019699d0569, type: 3}
      propertyPath: m_LocalRotation.y
      value: -0
      objectReference: {fileID: 0}
    - target: {fileID: 4322275452205688778, guid: 625bc8e2020555c45bca1019699d0569, type: 3}
      propertyPath: m_LocalRotation.z
      value: -0
      objectReference: {fileID: 0}
    - target: {fileID: 4322275452205688778, guid: 625bc8e2020555c45bca1019699d0569, type: 3}
      propertyPath: m_LocalEulerAnglesHint.x
      value: 0
      objectReference: {fileID: 0}
    - target: {fileID: 4322275452205688778, guid: 625bc8e2020555c45bca1019699d0569, type: 3}
      propertyPath: m_LocalEulerAnglesHint.y
      value: 0
      objectReference: {fileID: 0}
    - target: {fileID: 4322275452205688778, guid: 625bc8e2020555c45bca1019699d0569, type: 3}
      propertyPath: m_LocalEulerAnglesHint.z
      value: 0
      objectReference: {fileID: 0}
    m_RemovedComponents: []
  m_SourcePrefab: {fileID: 100100000, guid: 625bc8e2020555c45bca1019699d0569, type: 3}
--- !u!4 &7589908205123829811 stripped
Transform:
  m_CorrespondingSourceObject: {fileID: 4322275452205688778, guid: 625bc8e2020555c45bca1019699d0569, type: 3}
  m_PrefabInstance: {fileID: 5957993833876088825}
  m_PrefabAsset: {fileID: 0}
--- !u!1001 &8432006252747216872
PrefabInstance:
  m_ObjectHideFlags: 0
  serializedVersion: 2
  m_Modification:
    m_TransformParent: {fileID: 0}
    m_Modifications:
    - target: {fileID: 200421577408111658, guid: 039486a256e58244395733b0e21a13d2, type: 3}
      propertyPath: m_RootOrder
      value: 0
      objectReference: {fileID: 0}
    - target: {fileID: 200421577408111658, guid: 039486a256e58244395733b0e21a13d2, type: 3}
      propertyPath: m_LocalPosition.x
      value: 0
      objectReference: {fileID: 0}
    - target: {fileID: 200421577408111658, guid: 039486a256e58244395733b0e21a13d2, type: 3}
      propertyPath: m_LocalPosition.y
      value: 0
      objectReference: {fileID: 0}
    - target: {fileID: 200421577408111658, guid: 039486a256e58244395733b0e21a13d2, type: 3}
      propertyPath: m_LocalPosition.z
      value: 0
      objectReference: {fileID: 0}
    - target: {fileID: 200421577408111658, guid: 039486a256e58244395733b0e21a13d2, type: 3}
      propertyPath: m_LocalRotation.w
      value: 1
      objectReference: {fileID: 0}
    - target: {fileID: 200421577408111658, guid: 039486a256e58244395733b0e21a13d2, type: 3}
      propertyPath: m_LocalRotation.x
      value: 0
      objectReference: {fileID: 0}
    - target: {fileID: 200421577408111658, guid: 039486a256e58244395733b0e21a13d2, type: 3}
      propertyPath: m_LocalRotation.y
      value: 0
      objectReference: {fileID: 0}
    - target: {fileID: 200421577408111658, guid: 039486a256e58244395733b0e21a13d2, type: 3}
      propertyPath: m_LocalRotation.z
      value: 0
      objectReference: {fileID: 0}
    - target: {fileID: 200421577408111658, guid: 039486a256e58244395733b0e21a13d2, type: 3}
      propertyPath: m_LocalEulerAnglesHint.x
      value: 0
      objectReference: {fileID: 0}
    - target: {fileID: 200421577408111658, guid: 039486a256e58244395733b0e21a13d2, type: 3}
      propertyPath: m_LocalEulerAnglesHint.y
      value: 90
      objectReference: {fileID: 0}
    - target: {fileID: 200421577408111658, guid: 039486a256e58244395733b0e21a13d2, type: 3}
      propertyPath: m_LocalEulerAnglesHint.z
      value: 0
      objectReference: {fileID: 0}
    - target: {fileID: 200421577408111659, guid: 039486a256e58244395733b0e21a13d2, type: 3}
      propertyPath: m_Name
      value: Prefab
      objectReference: {fileID: 0}
    - target: {fileID: 1482153838152494418, guid: 039486a256e58244395733b0e21a13d2, type: 3}
      propertyPath: m_Materials.Array.data[0]
      value: 
      objectReference: {fileID: 2100000, guid: 53fc984d5ee1d3c46a193a67737bfcaa, type: 2}
    - target: {fileID: 1986377789899891164, guid: 039486a256e58244395733b0e21a13d2, type: 3}
      propertyPath: m_Size.x
      value: 0.2593224
      objectReference: {fileID: 0}
    - target: {fileID: 1986377789899891164, guid: 039486a256e58244395733b0e21a13d2, type: 3}
      propertyPath: m_Size.z
      value: 0.061697192
      objectReference: {fileID: 0}
    - target: {fileID: 1986377789899891164, guid: 039486a256e58244395733b0e21a13d2, type: 3}
      propertyPath: m_Center.x
      value: -0.00014343858
      objectReference: {fileID: 0}
    - target: {fileID: 1986377789899891164, guid: 039486a256e58244395733b0e21a13d2, type: 3}
      propertyPath: m_Center.z
      value: -0.000011890195
      objectReference: {fileID: 0}
    - target: {fileID: 2546062923579179019, guid: 039486a256e58244395733b0e21a13d2, type: 3}
      propertyPath: vertexPathEditorData.Array.size
      value: 1
      objectReference: {fileID: 0}
    - target: {fileID: 2546062923579179019, guid: 039486a256e58244395733b0e21a13d2, type: 3}
      propertyPath: vertexPathEditorData.Array.data[0].sawingPart
      value: 
      objectReference: {fileID: 5847600781496318243}
    - target: {fileID: 2546062923579179019, guid: 039486a256e58244395733b0e21a13d2, type: 3}
      propertyPath: vertexPathEditorData.Array.data[0].triggerZone
      value: 
      objectReference: {fileID: 7589908205123829811}
    - target: {fileID: 2546062923579179019, guid: 039486a256e58244395733b0e21a13d2, type: 3}
      propertyPath: vertexPathEditorData.Array.data[0].overrideUVArea
      value: 0.9625001
      objectReference: {fileID: 0}
    - target: {fileID: 2546062923579179019, guid: 039486a256e58244395733b0e21a13d2, type: 3}
      propertyPath: vertexPathEditorData.Array.data[0].overrideUVSize.w
      value: 1
      objectReference: {fileID: 0}
    - target: {fileID: 2546062923579179019, guid: 039486a256e58244395733b0e21a13d2, type: 3}
      propertyPath: vertexPathEditorData.Array.data[0].overrideUVSize.x
      value: 0.025
      objectReference: {fileID: 0}
    - target: {fileID: 2546062923579179019, guid: 039486a256e58244395733b0e21a13d2, type: 3}
      propertyPath: vertexPathEditorData.Array.data[0].overrideUVSize.z
      value: 0.96250004
      objectReference: {fileID: 0}
    - target: {fileID: 2546062923579179019, guid: 039486a256e58244395733b0e21a13d2, type: 3}
      propertyPath: vertexPathEditorData.Array.data[0].vertexPathConfig
      value: 
      objectReference: {fileID: 11400000, guid: 30c70315575a37648b749b83e3b699af, type: 2}
    - target: {fileID: 2678124249459416961, guid: 039486a256e58244395733b0e21a13d2, type: 3}
      propertyPath: m_Materials.Array.data[0]
      value: 
      objectReference: {fileID: 2100000, guid: 53fc984d5ee1d3c46a193a67737bfcaa, type: 2}
    - target: {fileID: 3003416048150525724, guid: 039486a256e58244395733b0e21a13d2, type: 3}
      propertyPath: m_Mesh
      value: 
      objectReference: {fileID: 4300000, guid: 277f0cbab1ebad6458a9e7fd2fd01b21, type: 2}
    - target: {fileID: 3413720304906911714, guid: 039486a256e58244395733b0e21a13d2, type: 3}
      propertyPath: toningPaintable
      value: 
      objectReference: {fileID: 4942690819642604788}
    - target: {fileID: 3413720304906911714, guid: 039486a256e58244395733b0e21a13d2, type: 3}
      propertyPath: sawedFinalObject
      value: 
      objectReference: {fileID: 4051617304621873078}
    - target: {fileID: 3413720304906911714, guid: 039486a256e58244395733b0e21a13d2, type: 3}
      propertyPath: chamferedFinalObject
      value: 
      objectReference: {fileID: 513743635300062111}
    - target: {fileID: 3413720304906911714, guid: 039486a256e58244395733b0e21a13d2, type: 3}
      propertyPath: toningEditorData.Array.size
      value: 2
      objectReference: {fileID: 0}
    - target: {fileID: 3413720304906911714, guid: 039486a256e58244395733b0e21a13d2, type: 3}
      propertyPath: toningEditorData.Array.data[0].uvArea
      value: 0.009284945
      objectReference: {fileID: 0}
    - target: {fileID: 3413720304906911714, guid: 039486a256e58244395733b0e21a13d2, type: 3}
      propertyPath: toningEditorData.Array.data[1].uvArea
      value: 0.009284965
      objectReference: {fileID: 0}
    - target: {fileID: 3413720304906911714, guid: 039486a256e58244395733b0e21a13d2, type: 3}
      propertyPath: toningEditorData.Array.data[0].renderer
      value: 
      objectReference: {fileID: 8623663854493748262}
    - target: {fileID: 3413720304906911714, guid: 039486a256e58244395733b0e21a13d2, type: 3}
      propertyPath: toningEditorData.Array.data[1].renderer
      value: 
      objectReference: {fileID: 2031604525380672599}
    - target: {fileID: 4276362452957727951, guid: 039486a256e58244395733b0e21a13d2, type: 3}
      propertyPath: m_Mesh
      value: 
      objectReference: {fileID: 4300000, guid: ed945c86dc757e84e9531ec4dd77c52e, type: 2}
    - target: {fileID: 5556826411945738188, guid: 039486a256e58244395733b0e21a13d2, type: 3}
      propertyPath: vertexPathEditorData.Array.size
      value: 1
      objectReference: {fileID: 0}
    - target: {fileID: 5556826411945738188, guid: 039486a256e58244395733b0e21a13d2, type: 3}
      propertyPath: vertexPathEditorData.Array.data[0].sawingPart
      value: 
      objectReference: {fileID: 5847600781496318243}
    - target: {fileID: 5556826411945738188, guid: 039486a256e58244395733b0e21a13d2, type: 3}
      propertyPath: vertexPathEditorData.Array.data[0].triggerZone
      value: 
      objectReference: {fileID: 8072689676042170710}
    - target: {fileID: 5556826411945738188, guid: 039486a256e58244395733b0e21a13d2, type: 3}
      propertyPath: vertexPathEditorData.Array.data[0].vertexPathConfig
      value: 
      objectReference: {fileID: 11400000, guid: 30c70315575a37648b749b83e3b699af, type: 2}
    - target: {fileID: 5946924383109660642, guid: 039486a256e58244395733b0e21a13d2, type: 3}
      propertyPath: m_LocalPosition.x
      value: 0
      objectReference: {fileID: 0}
    - target: {fileID: 5946924383109660642, guid: 039486a256e58244395733b0e21a13d2, type: 3}
      propertyPath: m_LocalPosition.y
      value: 0.015100179
      objectReference: {fileID: 0}
    - target: {fileID: 5946924383109660642, guid: 039486a256e58244395733b0e21a13d2, type: 3}
      propertyPath: m_LocalPosition.z
      value: 1.1920929e-11
      objectReference: {fileID: 0}
    - target: {fileID: 6719680311252008809, guid: 039486a256e58244395733b0e21a13d2, type: 3}
      propertyPath: m_Mesh
      value: 
      objectReference: {fileID: 4300000, guid: 277f0cbab1ebad6458a9e7fd2fd01b21, type: 2}
    - target: {fileID: 8567847429075496337, guid: 039486a256e58244395733b0e21a13d2, type: 3}
      propertyPath: m_Mesh
      value: 
      objectReference: {fileID: 4300000, guid: ed945c86dc757e84e9531ec4dd77c52e, type: 2}
    m_RemovedComponents: []
  m_SourcePrefab: {fileID: 100100000, guid: 039486a256e58244395733b0e21a13d2, type: 3}
--- !u!4 &8632427829128410050 stripped
Transform:
  m_CorrespondingSourceObject: {fileID: 200421577408111658, guid: 039486a256e58244395733b0e21a13d2, type: 3}
  m_PrefabInstance: {fileID: 8432006252747216872}
  m_PrefabAsset: {fileID: 0}
--- !u!4 &5463631540503575829 stripped
Transform:
  m_CorrespondingSourceObject: {fileID: 4527866894241966845, guid: 039486a256e58244395733b0e21a13d2, type: 3}
  m_PrefabInstance: {fileID: 8432006252747216872}
  m_PrefabAsset: {fileID: 0}
--- !u!4 &3147262466092967526 stripped
Transform:
  m_CorrespondingSourceObject: {fileID: 6821215703051989390, guid: 039486a256e58244395733b0e21a13d2, type: 3}
  m_PrefabInstance: {fileID: 8432006252747216872}
  m_PrefabAsset: {fileID: 0}
--- !u!4 &4092103145643126404 stripped
Transform:
  m_CorrespondingSourceObject: {fileID: 5606580361746184556, guid: 039486a256e58244395733b0e21a13d2, type: 3}
  m_PrefabInstance: {fileID: 8432006252747216872}
  m_PrefabAsset: {fileID: 0}
--- !u!1001 &8517414453525337921
PrefabInstance:
  m_ObjectHideFlags: 0
  serializedVersion: 2
  m_Modification:
    m_TransformParent: {fileID: 8632427829128410050}
    m_Modifications:
    - target: {fileID: -9106692117956256921, guid: 506553a749b3eed4fa56f880dce66caf, type: 3}
      propertyPath: m_Materials.Array.data[0]
      value: 
      objectReference: {fileID: 2100000, guid: 9c7d87795e1647f4588eeaec887f720c, type: 2}
    - target: {fileID: -8679921383154817045, guid: 506553a749b3eed4fa56f880dce66caf, type: 3}
      propertyPath: m_RootOrder
      value: 5
      objectReference: {fileID: 0}
    - target: {fileID: -8679921383154817045, guid: 506553a749b3eed4fa56f880dce66caf, type: 3}
      propertyPath: m_LocalPosition.x
      value: 0
      objectReference: {fileID: 0}
    - target: {fileID: -8679921383154817045, guid: 506553a749b3eed4fa56f880dce66caf, type: 3}
      propertyPath: m_LocalPosition.y
      value: 0
      objectReference: {fileID: 0}
    - target: {fileID: -8679921383154817045, guid: 506553a749b3eed4fa56f880dce66caf, type: 3}
      propertyPath: m_LocalPosition.z
      value: 0
      objectReference: {fileID: 0}
    - target: {fileID: -8679921383154817045, guid: 506553a749b3eed4fa56f880dce66caf, type: 3}
      propertyPath: m_LocalRotation.w
      value: 1
      objectReference: {fileID: 0}
    - target: {fileID: -8679921383154817045, guid: 506553a749b3eed4fa56f880dce66caf, type: 3}
      propertyPath: m_LocalRotation.x
      value: 0
      objectReference: {fileID: 0}
    - target: {fileID: -8679921383154817045, guid: 506553a749b3eed4fa56f880dce66caf, type: 3}
      propertyPath: m_LocalRotation.y
      value: 0
      objectReference: {fileID: 0}
    - target: {fileID: -8679921383154817045, guid: 506553a749b3eed4fa56f880dce66caf, type: 3}
      propertyPath: m_LocalRotation.z
      value: 0
      objectReference: {fileID: 0}
    - target: {fileID: -8679921383154817045, guid: 506553a749b3eed4fa56f880dce66caf, type: 3}
      propertyPath: m_LocalEulerAnglesHint.x
      value: 0
      objectReference: {fileID: 0}
    - target: {fileID: -8679921383154817045, guid: 506553a749b3eed4fa56f880dce66caf, type: 3}
      propertyPath: m_LocalEulerAnglesHint.y
      value: 0
      objectReference: {fileID: 0}
    - target: {fileID: -8679921383154817045, guid: 506553a749b3eed4fa56f880dce66caf, type: 3}
      propertyPath: m_LocalEulerAnglesHint.z
      value: 0
      objectReference: {fileID: 0}
    - target: {fileID: -8304165988336708371, guid: 506553a749b3eed4fa56f880dce66caf, type: 3}
      propertyPath: m_Materials.Array.data[0]
      value: 
      objectReference: {fileID: 2100000, guid: 9c7d87795e1647f4588eeaec887f720c, type: 2}
    - target: {fileID: -5635648308888094064, guid: 506553a749b3eed4fa56f880dce66caf, type: 3}
      propertyPath: m_IsActive
      value: 0
      objectReference: {fileID: 0}
    - target: {fileID: -2761371308733145962, guid: 506553a749b3eed4fa56f880dce66caf, type: 3}
      propertyPath: m_TagString
      value: Paintable
      objectReference: {fileID: 0}
    - target: {fileID: -1584604217131939050, guid: 506553a749b3eed4fa56f880dce66caf, type: 3}
      propertyPath: m_Materials.Array.data[0]
      value: 
      objectReference: {fileID: 2100000, guid: 9c7d87795e1647f4588eeaec887f720c, type: 2}
    - target: {fileID: 919132149155446097, guid: 506553a749b3eed4fa56f880dce66caf, type: 3}
      propertyPath: m_Name
      value: View
      objectReference: {fileID: 0}
    - target: {fileID: 2645915585163220850, guid: 506553a749b3eed4fa56f880dce66caf, type: 3}
      propertyPath: m_TagString
      value: Paintable
      objectReference: {fileID: 0}
    - target: {fileID: 2863401228860799273, guid: 506553a749b3eed4fa56f880dce66caf, type: 3}
      propertyPath: m_Materials.Array.data[0]
      value: 
      objectReference: {fileID: 2100000, guid: 9c7d87795e1647f4588eeaec887f720c, type: 2}
    - target: {fileID: 4422263855929999646, guid: 506553a749b3eed4fa56f880dce66caf, type: 3}
      propertyPath: m_Materials.Array.data[0]
      value: 
      objectReference: {fileID: 2100000, guid: 9c7d87795e1647f4588eeaec887f720c, type: 2}
    m_RemovedComponents: []
  m_SourcePrefab: {fileID: 100100000, guid: 506553a749b3eed4fa56f880dce66caf, type: 3}
--- !u!1 &6463291019989705145 stripped
GameObject:
  m_CorrespondingSourceObject: {fileID: -5800117757692168456, guid: 506553a749b3eed4fa56f880dce66caf, type: 3}
  m_PrefabInstance: {fileID: 8517414453525337921}
  m_PrefabAsset: {fileID: 0}
--- !u!1 &2783081226930737947 stripped
GameObject:
  m_CorrespondingSourceObject: {fileID: 5813182778843595866, guid: 506553a749b3eed4fa56f880dce66caf, type: 3}
  m_PrefabInstance: {fileID: 8517414453525337921}
  m_PrefabAsset: {fileID: 0}
--- !u!4 &4051617304621873078 stripped
Transform:
  m_CorrespondingSourceObject: {fileID: 5623257785562570999, guid: 506553a749b3eed4fa56f880dce66caf, type: 3}
  m_PrefabInstance: {fileID: 8517414453525337921}
  m_PrefabAsset: {fileID: 0}
--- !u!1 &8088464715137977436 stripped
GameObject:
  m_CorrespondingSourceObject: {fileID: -8787630507632141539, guid: 506553a749b3eed4fa56f880dce66caf, type: 3}
  m_PrefabInstance: {fileID: 8517414453525337921}
  m_PrefabAsset: {fileID: 0}
--- !u!4 &513743635300062111 stripped
Transform:
  m_CorrespondingSourceObject: {fileID: 8147786109532390622, guid: 506553a749b3eed4fa56f880dce66caf, type: 3}
  m_PrefabInstance: {fileID: 8517414453525337921}
  m_PrefabAsset: {fileID: 0}
--- !u!1 &3431263793817488343 stripped
GameObject:
  m_CorrespondingSourceObject: {fileID: -2761371308733145962, guid: 506553a749b3eed4fa56f880dce66caf, type: 3}
  m_PrefabInstance: {fileID: 8517414453525337921}
  m_PrefabAsset: {fileID: 0}
--- !u!23 &2031604525380672599 stripped
MeshRenderer:
  m_CorrespondingSourceObject: {fileID: -1584604217131939050, guid: 506553a749b3eed4fa56f880dce66caf, type: 3}
  m_PrefabInstance: {fileID: 8517414453525337921}
  m_PrefabAsset: {fileID: 0}
--- !u!1 &5948060375704731699 stripped
GameObject:
  m_CorrespondingSourceObject: {fileID: 2645915585163220850, guid: 506553a749b3eed4fa56f880dce66caf, type: 3}
  m_PrefabInstance: {fileID: 8517414453525337921}
  m_PrefabAsset: {fileID: 0}
--- !u!23 &8623663854493748262 stripped
MeshRenderer:
  m_CorrespondingSourceObject: {fileID: -9106692117956256921, guid: 506553a749b3eed4fa56f880dce66caf, type: 3}
  m_PrefabInstance: {fileID: 8517414453525337921}
  m_PrefabAsset: {fileID: 0}
