%YAML 1.1
%TAG !u! tag:unity3d.com,2011:
--- !u!114 &8077319185300716319
MonoBehaviour:
  m_ObjectHideFlags: 0
  m_CorrespondingSourceObject: {fileID: 0}
  m_PrefabInstance: {fileID: 0}
  m_PrefabAsset: {fileID: 0}
  m_GameObject: {fileID: 595173825249233072}
  m_Enabled: 1
  m_EditorHideFlags: 0
  m_Script: {fileID: 11500000, guid: 565706caec9814b46b35fd12edf798ab, type: 3}
  m_Name: 
  m_EditorClassIdentifier: 
--- !u!114 &4527756969103804243
MonoBehaviour:
  m_ObjectHideFlags: 0
  m_CorrespondingSourceObject: {fileID: 0}
  m_PrefabInstance: {fileID: 0}
  m_PrefabAsset: {fileID: 0}
  m_GameObject: {fileID: 1917215889233494009}
  m_Enabled: 1
  m_EditorHideFlags: 0
  m_Script: {fileID: 11500000, guid: f3b3fdc57677d8e47a4f9c72fd74ef42, type: 3}
  m_Name: 
  m_EditorClassIdentifier: 
--- !u!114 &8861086407471025556
MonoBehaviour:
  m_ObjectHideFlags: 0
  m_CorrespondingSourceObject: {fileID: 0}
  m_PrefabInstance: {fileID: 0}
  m_PrefabAsset: {fileID: 0}
  m_GameObject: {fileID: 1917215889233494009}
  m_Enabled: 1
  m_EditorHideFlags: 0
  m_Script: {fileID: 11500000, guid: 61268705266bb7242883bb21a3edad48, type: 3}
  m_Name: 
  m_EditorClassIdentifier: 
--- !u!114 &285015845070553931
MonoBehaviour:
  m_ObjectHideFlags: 0
  m_CorrespondingSourceObject: {fileID: 0}
  m_PrefabInstance: {fileID: 0}
  m_PrefabAsset: {fileID: 0}
  m_GameObject: {fileID: 5898180241053422512}
  m_Enabled: 1
  m_EditorHideFlags: 0
  m_Script: {fileID: 11500000, guid: ff7996d05931820488940918e943a441, type: 3}
  m_Name: 
  m_EditorClassIdentifier: 
--- !u!1 &6522648562203298747
GameObject:
  m_ObjectHideFlags: 0
  m_CorrespondingSourceObject: {fileID: 0}
  m_PrefabInstance: {fileID: 0}
  m_PrefabAsset: {fileID: 0}
  serializedVersion: 6
  m_Component:
  - component: {fileID: 7342872003697138122}
  m_Layer: 0
  m_Name: SnapSocketsContainer
  m_TagString: Untagged
  m_Icon: {fileID: 0}
  m_NavMeshLayer: 0
  m_StaticEditorFlags: 0
  m_IsActive: 1
--- !u!4 &7342872003697138122
Transform:
  m_ObjectHideFlags: 0
  m_CorrespondingSourceObject: {fileID: 0}
  m_PrefabInstance: {fileID: 0}
  m_PrefabAsset: {fileID: 0}
  m_GameObject: {fileID: 6522648562203298747}
  m_LocalRotation: {x: 0, y: 0, z: 0, w: 1}
  m_LocalPosition: {x: 0, y: 0, z: 0}
  m_LocalScale: {x: 1, y: 1, z: 1}
  m_Children:
  - {fileID: 5481406070989613709}
  - {fileID: 717971781418728721}
  - {fileID: 526929796958635716}
  - {fileID: 6829980444107808196}
  m_Father: {fileID: 0}
  m_RootOrder: 0
  m_LocalEulerAnglesHint: {x: 0, y: 0, z: 0}
--- !u!114 &2958467142419164171
MonoBehaviour:
  m_ObjectHideFlags: 0
  m_CorrespondingSourceObject: {fileID: 0}
  m_PrefabInstance: {fileID: 0}
  m_PrefabAsset: {fileID: 0}
  m_GameObject: {fileID: 6880431444624795749}
  m_Enabled: 1
  m_EditorHideFlags: 0
  m_Script: {fileID: 11500000, guid: 47a5209087325cf42a1b0eb58d377964, type: 3}
  m_Name: 
  m_EditorClassIdentifier: 
--- !u!1001 &3277421418421065503
PrefabInstance:
  m_ObjectHideFlags: 0
  serializedVersion: 2
  m_Modification:
    m_TransformParent: {fileID: 7342872003697138122}
    m_Modifications:
    - target: {fileID: 2682392871027990447, guid: 576bc961a41fad545948ee2ca827b090, type: 3}
      propertyPath: m_Name
      value: WheelItemSocket
      objectReference: {fileID: 0}
    - target: {fileID: 3876254112276330780, guid: 576bc961a41fad545948ee2ca827b090, type: 3}
      propertyPath: m_LocalPosition.y
      value: 0.05
      objectReference: {fileID: 0}
    - target: {fileID: 8337089165356665563, guid: 576bc961a41fad545948ee2ca827b090, type: 3}
      propertyPath: m_RootOrder
      value: 3
      objectReference: {fileID: 0}
    - target: {fileID: 8337089165356665563, guid: 576bc961a41fad545948ee2ca827b090, type: 3}
      propertyPath: m_LocalPosition.x
      value: 0.1287
      objectReference: {fileID: 0}
    - target: {fileID: 8337089165356665563, guid: 576bc961a41fad545948ee2ca827b090, type: 3}
      propertyPath: m_LocalPosition.y
      value: 1.12
      objectReference: {fileID: 0}
    - target: {fileID: 8337089165356665563, guid: 576bc961a41fad545948ee2ca827b090, type: 3}
      propertyPath: m_LocalPosition.z
      value: 0.101
      objectReference: {fileID: 0}
    - target: {fileID: 8337089165356665563, guid: 576bc961a41fad545948ee2ca827b090, type: 3}
      propertyPath: m_LocalRotation.w
      value: 0.88675684
      objectReference: {fileID: 0}
    - target: {fileID: 8337089165356665563, guid: 576bc961a41fad545948ee2ca827b090, type: 3}
      propertyPath: m_LocalRotation.x
      value: 0
      objectReference: {fileID: 0}
    - target: {fileID: 8337089165356665563, guid: 576bc961a41fad545948ee2ca827b090, type: 3}
      propertyPath: m_LocalRotation.y
      value: 0.46223626
      objectReference: {fileID: 0}
    - target: {fileID: 8337089165356665563, guid: 576bc961a41fad545948ee2ca827b090, type: 3}
      propertyPath: m_LocalRotation.z
      value: 0
      objectReference: {fileID: 0}
    - target: {fileID: 8337089165356665563, guid: 576bc961a41fad545948ee2ca827b090, type: 3}
      propertyPath: m_LocalEulerAnglesHint.x
      value: 0
      objectReference: {fileID: 0}
    - target: {fileID: 8337089165356665563, guid: 576bc961a41fad545948ee2ca827b090, type: 3}
      propertyPath: m_LocalEulerAnglesHint.y
      value: 55.063
      objectReference: {fileID: 0}
    - target: {fileID: 8337089165356665563, guid: 576bc961a41fad545948ee2ca827b090, type: 3}
      propertyPath: m_LocalEulerAnglesHint.z
      value: 0
      objectReference: {fileID: 0}
    - target: {fileID: 8640900285465843270, guid: 576bc961a41fad545948ee2ca827b090, type: 3}
      propertyPath: _components.Array.size
      value: 3
      objectReference: {fileID: 0}
    - target: {fileID: 8640900285465843270, guid: 576bc961a41fad545948ee2ca827b090, type: 3}
      propertyPath: _components.Array.data[1]
      value: 
      objectReference: {fileID: 4195025518744951269}
    - target: {fileID: 8640900285465843270, guid: 576bc961a41fad545948ee2ca827b090, type: 3}
      propertyPath: _components.Array.data[2]
      value: 
      objectReference: {fileID: 8077319185300716319}
    m_RemovedComponents: []
  m_SourcePrefab: {fileID: 100100000, guid: 576bc961a41fad545948ee2ca827b090, type: 3}
--- !u!1 &595173825249233072 stripped
GameObject:
  m_CorrespondingSourceObject: {fileID: 2682392871027990447, guid: 576bc961a41fad545948ee2ca827b090, type: 3}
  m_PrefabInstance: {fileID: 3277421418421065503}
  m_PrefabAsset: {fileID: 0}
--- !u!4 &6829980444107808196 stripped
Transform:
  m_CorrespondingSourceObject: {fileID: 8337089165356665563, guid: 576bc961a41fad545948ee2ca827b090, type: 3}
  m_PrefabInstance: {fileID: 3277421418421065503}
  m_PrefabAsset: {fileID: 0}
--- !u!114 &4195025518744951269 stripped
MonoBehaviour:
  m_CorrespondingSourceObject: {fileID: 1678721235590270714, guid: 576bc961a41fad545948ee2ca827b090, type: 3}
  m_PrefabInstance: {fileID: 3277421418421065503}
  m_PrefabAsset: {fileID: 0}
  m_GameObject: {fileID: 595173825249233072}
  m_Enabled: 1
  m_EditorHideFlags: 0
  m_Script: {fileID: 11500000, guid: 37b63e01324c57d4693dd94179b5ba3a, type: 3}
  m_Name: 
  m_EditorClassIdentifier: 
--- !u!1001 &4585394132164730966
PrefabInstance:
  m_ObjectHideFlags: 0
  serializedVersion: 2
  m_Modification:
    m_TransformParent: {fileID: 7342872003697138122}
    m_Modifications:
    - target: {fileID: 2682392871027990447, guid: 576bc961a41fad545948ee2ca827b090, type: 3}
      propertyPath: m_Name
      value: TableItemSocket
      objectReference: {fileID: 0}
    - target: {fileID: 3786827877105042259, guid: 576bc961a41fad545948ee2ca827b090, type: 3}
      propertyPath: m_Radius
      value: 0.2
      objectReference: {fileID: 0}
    - target: {fileID: 8337089165356665563, guid: 576bc961a41fad545948ee2ca827b090, type: 3}
      propertyPath: m_RootOrder
      value: 0
      objectReference: {fileID: 0}
    - target: {fileID: 8337089165356665563, guid: 576bc961a41fad545948ee2ca827b090, type: 3}
      propertyPath: m_LocalPosition.x
      value: -1.4
      objectReference: {fileID: 0}
    - target: {fileID: 8337089165356665563, guid: 576bc961a41fad545948ee2ca827b090, type: 3}
      propertyPath: m_LocalPosition.y
      value: 0.895
      objectReference: {fileID: 0}
    - target: {fileID: 8337089165356665563, guid: 576bc961a41fad545948ee2ca827b090, type: 3}
      propertyPath: m_LocalPosition.z
      value: 4.6
      objectReference: {fileID: 0}
    - target: {fileID: 8337089165356665563, guid: 576bc961a41fad545948ee2ca827b090, type: 3}
      propertyPath: m_LocalRotation.w
      value: -0.7071068
      objectReference: {fileID: 0}
    - target: {fileID: 8337089165356665563, guid: 576bc961a41fad545948ee2ca827b090, type: 3}
      propertyPath: m_LocalRotation.x
      value: 0
      objectReference: {fileID: 0}
    - target: {fileID: 8337089165356665563, guid: 576bc961a41fad545948ee2ca827b090, type: 3}
      propertyPath: m_LocalRotation.y
      value: 0.7071068
      objectReference: {fileID: 0}
    - target: {fileID: 8337089165356665563, guid: 576bc961a41fad545948ee2ca827b090, type: 3}
      propertyPath: m_LocalRotation.z
      value: -0
      objectReference: {fileID: 0}
    - target: {fileID: 8337089165356665563, guid: 576bc961a41fad545948ee2ca827b090, type: 3}
      propertyPath: m_LocalEulerAnglesHint.x
      value: 0
      objectReference: {fileID: 0}
    - target: {fileID: 8337089165356665563, guid: 576bc961a41fad545948ee2ca827b090, type: 3}
      propertyPath: m_LocalEulerAnglesHint.y
      value: 270
      objectReference: {fileID: 0}
    - target: {fileID: 8337089165356665563, guid: 576bc961a41fad545948ee2ca827b090, type: 3}
      propertyPath: m_LocalEulerAnglesHint.z
      value: 0
      objectReference: {fileID: 0}
    - target: {fileID: 8640900285465843270, guid: 576bc961a41fad545948ee2ca827b090, type: 3}
      propertyPath: _components.Array.size
      value: 4
      objectReference: {fileID: 0}
    - target: {fileID: 8640900285465843270, guid: 576bc961a41fad545948ee2ca827b090, type: 3}
      propertyPath: _components.Array.data[1]
      value: 
      objectReference: {fileID: 2949457237318676140}
    - target: {fileID: 8640900285465843270, guid: 576bc961a41fad545948ee2ca827b090, type: 3}
      propertyPath: _components.Array.data[2]
      value: 
      objectReference: {fileID: 4527756969103804243}
    - target: {fileID: 8640900285465843270, guid: 576bc961a41fad545948ee2ca827b090, type: 3}
      propertyPath: _components.Array.data[3]
      value: 
      objectReference: {fileID: 8861086407471025556}
    m_RemovedComponents: []
  m_SourcePrefab: {fileID: 100100000, guid: 576bc961a41fad545948ee2ca827b090, type: 3}
--- !u!1 &1917215889233494009 stripped
GameObject:
  m_CorrespondingSourceObject: {fileID: 2682392871027990447, guid: 576bc961a41fad545948ee2ca827b090, type: 3}
  m_PrefabInstance: {fileID: 4585394132164730966}
  m_PrefabAsset: {fileID: 0}
--- !u!4 &5481406070989613709 stripped
Transform:
  m_CorrespondingSourceObject: {fileID: 8337089165356665563, guid: 576bc961a41fad545948ee2ca827b090, type: 3}
  m_PrefabInstance: {fileID: 4585394132164730966}
  m_PrefabAsset: {fileID: 0}
--- !u!114 &2949457237318676140 stripped
MonoBehaviour:
  m_CorrespondingSourceObject: {fileID: 1678721235590270714, guid: 576bc961a41fad545948ee2ca827b090, type: 3}
  m_PrefabInstance: {fileID: 4585394132164730966}
  m_PrefabAsset: {fileID: 0}
  m_GameObject: {fileID: 1917215889233494009}
  m_Enabled: 1
  m_EditorHideFlags: 0
  m_Script: {fileID: 11500000, guid: 37b63e01324c57d4693dd94179b5ba3a, type: 3}
  m_Name: 
  m_EditorClassIdentifier: 
--- !u!1001 &8422661177974082591
PrefabInstance:
  m_ObjectHideFlags: 0
  serializedVersion: 2
  m_Modification:
    m_TransformParent: {fileID: 7342872003697138122}
    m_Modifications:
    - target: {fileID: 2682392871027990447, guid: 576bc961a41fad545948ee2ca827b090, type: 3}
      propertyPath: m_Name
      value: FiringItemSocket
      objectReference: {fileID: 0}
    - target: {fileID: 3876254112276330780, guid: 576bc961a41fad545948ee2ca827b090, type: 3}
      propertyPath: m_LocalPosition.y
      value: 0.05
      objectReference: {fileID: 0}
    - target: {fileID: 8337089165356665563, guid: 576bc961a41fad545948ee2ca827b090, type: 3}
      propertyPath: m_RootOrder
      value: 2
      objectReference: {fileID: 0}
    - target: {fileID: 8337089165356665563, guid: 576bc961a41fad545948ee2ca827b090, type: 3}
      propertyPath: m_LocalPosition.x
      value: 2.3201
      objectReference: {fileID: 0}
    - target: {fileID: 8337089165356665563, guid: 576bc961a41fad545948ee2ca827b090, type: 3}
      propertyPath: m_LocalPosition.y
      value: 0.5147
      objectReference: {fileID: 0}
    - target: {fileID: 8337089165356665563, guid: 576bc961a41fad545948ee2ca827b090, type: 3}
      propertyPath: m_LocalPosition.z
      value: -4.3033
      objectReference: {fileID: 0}
    - target: {fileID: 8337089165356665563, guid: 576bc961a41fad545948ee2ca827b090, type: 3}
      propertyPath: m_LocalRotation.w
      value: 0.87301815
      objectReference: {fileID: 0}
    - target: {fileID: 8337089165356665563, guid: 576bc961a41fad545948ee2ca827b090, type: 3}
      propertyPath: m_LocalRotation.x
      value: -0
      objectReference: {fileID: 0}
    - target: {fileID: 8337089165356665563, guid: 576bc961a41fad545948ee2ca827b090, type: 3}
      propertyPath: m_LocalRotation.y
      value: 0.48768765
      objectReference: {fileID: 0}
    - target: {fileID: 8337089165356665563, guid: 576bc961a41fad545948ee2ca827b090, type: 3}
      propertyPath: m_LocalRotation.z
      value: -0
      objectReference: {fileID: 0}
    - target: {fileID: 8337089165356665563, guid: 576bc961a41fad545948ee2ca827b090, type: 3}
      propertyPath: m_LocalEulerAnglesHint.x
      value: 0
      objectReference: {fileID: 0}
    - target: {fileID: 8337089165356665563, guid: 576bc961a41fad545948ee2ca827b090, type: 3}
      propertyPath: m_LocalEulerAnglesHint.y
      value: 90
      objectReference: {fileID: 0}
    - target: {fileID: 8337089165356665563, guid: 576bc961a41fad545948ee2ca827b090, type: 3}
      propertyPath: m_LocalEulerAnglesHint.z
      value: 0
      objectReference: {fileID: 0}
    - target: {fileID: 8640900285465843270, guid: 576bc961a41fad545948ee2ca827b090, type: 3}
      propertyPath: _components.Array.size
      value: 3
      objectReference: {fileID: 0}
    - target: {fileID: 8640900285465843270, guid: 576bc961a41fad545948ee2ca827b090, type: 3}
      propertyPath: _components.Array.data[1]
      value: 
      objectReference: {fileID: 7183040910490141413}
    - target: {fileID: 8640900285465843270, guid: 576bc961a41fad545948ee2ca827b090, type: 3}
      propertyPath: _components.Array.data[2]
      value: 
      objectReference: {fileID: 285015845070553931}
    m_RemovedComponents: []
  m_SourcePrefab: {fileID: 100100000, guid: 576bc961a41fad545948ee2ca827b090, type: 3}
--- !u!1 &5898180241053422512 stripped
GameObject:
  m_CorrespondingSourceObject: {fileID: 2682392871027990447, guid: 576bc961a41fad545948ee2ca827b090, type: 3}
  m_PrefabInstance: {fileID: 8422661177974082591}
  m_PrefabAsset: {fileID: 0}
--- !u!4 &526929796958635716 stripped
Transform:
  m_CorrespondingSourceObject: {fileID: 8337089165356665563, guid: 576bc961a41fad545948ee2ca827b090, type: 3}
  m_PrefabInstance: {fileID: 8422661177974082591}
  m_PrefabAsset: {fileID: 0}
--- !u!114 &7183040910490141413 stripped
MonoBehaviour:
  m_CorrespondingSourceObject: {fileID: 1678721235590270714, guid: 576bc961a41fad545948ee2ca827b090, type: 3}
  m_PrefabInstance: {fileID: 8422661177974082591}
  m_PrefabAsset: {fileID: 0}
  m_GameObject: {fileID: 5898180241053422512}
  m_Enabled: 1
  m_EditorHideFlags: 0
  m_Script: {fileID: 11500000, guid: 37b63e01324c57d4693dd94179b5ba3a, type: 3}
  m_Name: 
  m_EditorClassIdentifier: 
--- !u!1001 &8810718637563328458
PrefabInstance:
  m_ObjectHideFlags: 0
  serializedVersion: 2
  m_Modification:
    m_TransformParent: {fileID: 7342872003697138122}
    m_Modifications:
    - target: {fileID: 2682392871027990447, guid: 576bc961a41fad545948ee2ca827b090, type: 3}
      propertyPath: m_Name
      value: DryingItemSocket
      objectReference: {fileID: 0}
    - target: {fileID: 3876254112276330780, guid: 576bc961a41fad545948ee2ca827b090, type: 3}
      propertyPath: m_LocalPosition.y
      value: 0.05
      objectReference: {fileID: 0}
    - target: {fileID: 8337089165356665563, guid: 576bc961a41fad545948ee2ca827b090, type: 3}
      propertyPath: m_RootOrder
      value: 1
      objectReference: {fileID: 0}
    - target: {fileID: 8337089165356665563, guid: 576bc961a41fad545948ee2ca827b090, type: 3}
      propertyPath: m_LocalPosition.x
      value: 2.45
      objectReference: {fileID: 0}
    - target: {fileID: 8337089165356665563, guid: 576bc961a41fad545948ee2ca827b090, type: 3}
      propertyPath: m_LocalPosition.y
      value: 1.0636001
      objectReference: {fileID: 0}
    - target: {fileID: 8337089165356665563, guid: 576bc961a41fad545948ee2ca827b090, type: 3}
      propertyPath: m_LocalPosition.z
      value: 3.1270003
      objectReference: {fileID: 0}
    - target: {fileID: 8337089165356665563, guid: 576bc961a41fad545948ee2ca827b090, type: 3}
      propertyPath: m_LocalRotation.w
      value: 1
      objectReference: {fileID: 0}
    - target: {fileID: 8337089165356665563, guid: 576bc961a41fad545948ee2ca827b090, type: 3}
      propertyPath: m_LocalRotation.x
      value: 0
      objectReference: {fileID: 0}
    - target: {fileID: 8337089165356665563, guid: 576bc961a41fad545948ee2ca827b090, type: 3}
      propertyPath: m_LocalRotation.y
      value: 0
      objectReference: {fileID: 0}
    - target: {fileID: 8337089165356665563, guid: 576bc961a41fad545948ee2ca827b090, type: 3}
      propertyPath: m_LocalRotation.z
      value: 0
      objectReference: {fileID: 0}
    - target: {fileID: 8337089165356665563, guid: 576bc961a41fad545948ee2ca827b090, type: 3}
      propertyPath: m_LocalEulerAnglesHint.x
      value: 0
      objectReference: {fileID: 0}
    - target: {fileID: 8337089165356665563, guid: 576bc961a41fad545948ee2ca827b090, type: 3}
      propertyPath: m_LocalEulerAnglesHint.y
      value: 0
      objectReference: {fileID: 0}
    - target: {fileID: 8337089165356665563, guid: 576bc961a41fad545948ee2ca827b090, type: 3}
      propertyPath: m_LocalEulerAnglesHint.z
      value: 0
      objectReference: {fileID: 0}
    - target: {fileID: 8640900285465843270, guid: 576bc961a41fad545948ee2ca827b090, type: 3}
      propertyPath: _components.Array.size
      value: 3
      objectReference: {fileID: 0}
    - target: {fileID: 8640900285465843270, guid: 576bc961a41fad545948ee2ca827b090, type: 3}
      propertyPath: _components.Array.data[1]
      value: 
      objectReference: {fileID: 7857077083714058544}
    - target: {fileID: 8640900285465843270, guid: 576bc961a41fad545948ee2ca827b090, type: 3}
      propertyPath: _components.Array.data[2]
      value: 
      objectReference: {fileID: 2958467142419164171}
    m_RemovedComponents: []
  m_SourcePrefab: {fileID: 100100000, guid: 576bc961a41fad545948ee2ca827b090, type: 3}
--- !u!1 &6880431444624795749 stripped
GameObject:
  m_CorrespondingSourceObject: {fileID: 2682392871027990447, guid: 576bc961a41fad545948ee2ca827b090, type: 3}
  m_PrefabInstance: {fileID: 8810718637563328458}
  m_PrefabAsset: {fileID: 0}
--- !u!4 &717971781418728721 stripped
Transform:
  m_CorrespondingSourceObject: {fileID: 8337089165356665563, guid: 576bc961a41fad545948ee2ca827b090, type: 3}
  m_PrefabInstance: {fileID: 8810718637563328458}
  m_PrefabAsset: {fileID: 0}
--- !u!114 &7857077083714058544 stripped
MonoBehaviour:
  m_CorrespondingSourceObject: {fileID: 1678721235590270714, guid: 576bc961a41fad545948ee2ca827b090, type: 3}
  m_PrefabInstance: {fileID: 8810718637563328458}
  m_PrefabAsset: {fileID: 0}
  m_GameObject: {fileID: 6880431444624795749}
  m_Enabled: 1
  m_EditorHideFlags: 0
  m_Script: {fileID: 11500000, guid: 37b63e01324c57d4693dd94179b5ba3a, type: 3}
  m_Name: 
  m_EditorClassIdentifier: 
