%YAML 1.1
%TAG !u! tag:unity3d.com,2011:
--- !u!1 &8862846923635059698
GameObject:
  m_ObjectHideFlags: 0
  m_CorrespondingSourceObject: {fileID: 0}
  m_PrefabInstance: {fileID: 0}
  m_PrefabAsset: {fileID: 0}
  serializedVersion: 6
  m_Component:
  - component: {fileID: 746118349647465286}
  - component: {fileID: 7196324643013082601}
  - component: {fileID: 4259413025759325299}
  - component: {fileID: 565821099247830676}
  - component: {fileID: 1503542338000338031}
  - component: {fileID: 8111029242220453894}
  m_Layer: 0
  m_Name: Achievement Overlay
  m_TagString: Untagged
  m_Icon: {fileID: 0}
  m_NavMeshLayer: 0
  m_StaticEditorFlags: 0
  m_IsActive: 1
--- !u!224 &746118349647465286
RectTransform:
  m_ObjectHideFlags: 0
  m_CorrespondingSourceObject: {fileID: 0}
  m_PrefabInstance: {fileID: 0}
  m_PrefabAsset: {fileID: 0}
  m_GameObject: {fileID: 8862846923635059698}
  m_LocalRotation: {x: -0, y: 0.706589, z: -0, w: 0.70762426}
  m_LocalPosition: {x: 0, y: 0, z: -0.031}
  m_LocalScale: {x: 0.0004283156, y: 0.0004283156, z: 0.0004283156}
  m_Children:
  - {fileID: 8744219914362769809}
  m_Father: {fileID: 0}
  m_RootOrder: 0
  m_LocalEulerAnglesHint: {x: 0, y: 89.916, z: 0}
  m_AnchorMin: {x: 0, y: 0}
  m_AnchorMax: {x: 0, y: 0}
  m_AnchoredPosition: {x: 0.027, y: 0.147}
  m_SizeDelta: {x: 800, y: 300}
  m_Pivot: {x: 0.5, y: 0.5}
--- !u!223 &7196324643013082601
Canvas:
  m_ObjectHideFlags: 0
  m_CorrespondingSourceObject: {fileID: 0}
  m_PrefabInstance: {fileID: 0}
  m_PrefabAsset: {fileID: 0}
  m_GameObject: {fileID: 8862846923635059698}
  m_Enabled: 1
  serializedVersion: 3
  m_RenderMode: 2
  m_Camera: {fileID: 0}
  m_PlaneDistance: 100
  m_PixelPerfect: 0
  m_ReceivesEvents: 1
  m_OverrideSorting: 0
  m_OverridePixelPerfect: 0
  m_SortingBucketNormalizedSize: 0
  m_AdditionalShaderChannelsFlag: 25
  m_SortingLayerID: 0
  m_SortingOrder: 0
  m_TargetDisplay: 0
--- !u!114 &4259413025759325299
MonoBehaviour:
  m_ObjectHideFlags: 0
  m_CorrespondingSourceObject: {fileID: 0}
  m_PrefabInstance: {fileID: 0}
  m_PrefabAsset: {fileID: 0}
  m_GameObject: {fileID: 8862846923635059698}
  m_Enabled: 1
  m_EditorHideFlags: 0
  m_Script: {fileID: 11500000, guid: 0cd44c1031e13a943bb63640046fad76, type: 3}
  m_Name: 
  m_EditorClassIdentifier: 
  m_UiScaleMode: 0
  m_ReferencePixelsPerUnit: 100
  m_ScaleFactor: 1
  m_ReferenceResolution: {x: 800, y: 600}
  m_ScreenMatchMode: 0
  m_MatchWidthOrHeight: 0
  m_PhysicalUnit: 3
  m_FallbackScreenDPI: 96
  m_DefaultSpriteDPI: 96
  m_DynamicPixelsPerUnit: 1
  m_PresetInfoIsWorld: 1
--- !u!114 &565821099247830676
MonoBehaviour:
  m_ObjectHideFlags: 0
  m_CorrespondingSourceObject: {fileID: 0}
  m_PrefabInstance: {fileID: 0}
  m_PrefabAsset: {fileID: 0}
  m_GameObject: {fileID: 8862846923635059698}
  m_Enabled: 1
  m_EditorHideFlags: 0
  m_Script: {fileID: 11500000, guid: dc42784cf147c0c48a680349fa168899, type: 3}
  m_Name: 
  m_EditorClassIdentifier: 
  m_IgnoreReversedGraphics: 1
  m_BlockingObjects: 0
  m_BlockingMask:
    serializedVersion: 2
    m_Bits: 4294967295
--- !u!82 &1503542338000338031
AudioSource:
  m_ObjectHideFlags: 0
  m_CorrespondingSourceObject: {fileID: 0}
  m_PrefabInstance: {fileID: 0}
  m_PrefabAsset: {fileID: 0}
  m_GameObject: {fileID: 8862846923635059698}
  m_Enabled: 1
  serializedVersion: 4
  OutputAudioMixerGroup: {fileID: 0}
  m_audioClip: {fileID: 0}
  m_PlayOnAwake: 1
  m_Volume: 1
  m_Pitch: 1
  Loop: 0
  Mute: 0
  Spatialize: 0
  SpatializePostEffects: 0
  Priority: 128
  DopplerLevel: 1
  MinDistance: 1
  MaxDistance: 500
  Pan2D: 0
  rolloffMode: 0
  BypassEffects: 0
  BypassListenerEffects: 0
  BypassReverbZones: 0
  rolloffCustomCurve:
    serializedVersion: 2
    m_Curve:
    - serializedVersion: 3
      time: 0
      value: 1
      inSlope: 0
      outSlope: 0
      tangentMode: 0
      weightedMode: 0
      inWeight: 0.33333334
      outWeight: 0.33333334
    - serializedVersion: 3
      time: 1
      value: 0
      inSlope: 0
      outSlope: 0
      tangentMode: 0
      weightedMode: 0
      inWeight: 0.33333334
      outWeight: 0.33333334
    m_PreInfinity: 2
    m_PostInfinity: 2
    m_RotationOrder: 4
  panLevelCustomCurve:
    serializedVersion: 2
    m_Curve:
    - serializedVersion: 3
      time: 0
      value: 0
      inSlope: 0
      outSlope: 0
      tangentMode: 0
      weightedMode: 0
      inWeight: 0.33333334
      outWeight: 0.33333334
    m_PreInfinity: 2
    m_PostInfinity: 2
    m_RotationOrder: 4
  spreadCustomCurve:
    serializedVersion: 2
    m_Curve:
    - serializedVersion: 3
      time: 0
      value: 0
      inSlope: 0
      outSlope: 0
      tangentMode: 0
      weightedMode: 0
      inWeight: 0.33333334
      outWeight: 0.33333334
    m_PreInfinity: 2
    m_PostInfinity: 2
    m_RotationOrder: 4
  reverbZoneMixCustomCurve:
    serializedVersion: 2
    m_Curve:
    - serializedVersion: 3
      time: 0
      value: 1
      inSlope: 0
      outSlope: 0
      tangentMode: 0
      weightedMode: 0
      inWeight: 0.33333334
      outWeight: 0.33333334
    m_PreInfinity: 2
    m_PostInfinity: 2
    m_RotationOrder: 4
--- !u!114 &8111029242220453894
MonoBehaviour:
  m_ObjectHideFlags: 0
  m_CorrespondingSourceObject: {fileID: 0}
  m_PrefabInstance: {fileID: 0}
  m_PrefabAsset: {fileID: 0}
  m_GameObject: {fileID: 8862846923635059698}
  m_Enabled: 1
  m_EditorHideFlags: 0
  m_Script: {fileID: 11500000, guid: c45d569aba5f9f049a3215e151183ae2, type: 3}
  m_Name: 
  m_EditorClassIdentifier: 
  duration: 4
  unlockedSound: {fileID: 8300000, guid: 7951d7d3847ff6d40afe34293893ab33, type: 3}
  view: {fileID: 5128883292851545324}
  bronze: {fileID: 21300000, guid: d949b54ba7db664459a387be294fb222, type: 3}
  silver: {fileID: 21300000, guid: c19a231c9021ddc419670528abd7205c, type: 3}
  gold: {fileID: 21300000, guid: 606d417eb0e9e9546b5ae1b3a496092d, type: 3}
--- !u!1001 &4477386987779750075
PrefabInstance:
  m_ObjectHideFlags: 0
  serializedVersion: 2
  m_Modification:
    m_TransformParent: {fileID: 746118349647465286}
    m_Modifications:
    - target: {fileID: 5150827218508122470, guid: 3e80b3f279064294c93eb51a73c62190, type: 3}
      propertyPath: m_AnchorMax.y
      value: 0
      objectReference: {fileID: 0}
    - target: {fileID: 5150827218508122470, guid: 3e80b3f279064294c93eb51a73c62190, type: 3}
      propertyPath: m_AnchorMin.y
      value: 0
      objectReference: {fileID: 0}
    - target: {fileID: 5150827218508122470, guid: 3e80b3f279064294c93eb51a73c62190, type: 3}
      propertyPath: m_SizeDelta.x
      value: 0
      objectReference: {fileID: 0}
    - target: {fileID: 5150827218508122470, guid: 3e80b3f279064294c93eb51a73c62190, type: 3}
      propertyPath: m_AnchoredPosition.x
      value: 0
      objectReference: {fileID: 0}
    - target: {fileID: 5150827218508122470, guid: 3e80b3f279064294c93eb51a73c62190, type: 3}
      propertyPath: m_AnchoredPosition.y
      value: 0
      objectReference: {fileID: 0}
    - target: {fileID: 5150827218631141674, guid: 3e80b3f279064294c93eb51a73c62190, type: 3}
      propertyPath: m_Pivot.x
      value: 0.5
      objectReference: {fileID: 0}
    - target: {fileID: 5150827218631141674, guid: 3e80b3f279064294c93eb51a73c62190, type: 3}
      propertyPath: m_Pivot.y
      value: 0.5
      objectReference: {fileID: 0}
    - target: {fileID: 5150827218631141674, guid: 3e80b3f279064294c93eb51a73c62190, type: 3}
      propertyPath: m_RootOrder
      value: 0
      objectReference: {fileID: 0}
    - target: {fileID: 5150827218631141674, guid: 3e80b3f279064294c93eb51a73c62190, type: 3}
      propertyPath: m_AnchorMax.x
      value: 0.5
      objectReference: {fileID: 0}
    - target: {fileID: 5150827218631141674, guid: 3e80b3f279064294c93eb51a73c62190, type: 3}
      propertyPath: m_AnchorMax.y
      value: 0.5
      objectReference: {fileID: 0}
    - target: {fileID: 5150827218631141674, guid: 3e80b3f279064294c93eb51a73c62190, type: 3}
      propertyPath: m_AnchorMin.x
      value: 0.5
      objectReference: {fileID: 0}
    - target: {fileID: 5150827218631141674, guid: 3e80b3f279064294c93eb51a73c62190, type: 3}
      propertyPath: m_AnchorMin.y
      value: 0.5
      objectReference: {fileID: 0}
    - target: {fileID: 5150827218631141674, guid: 3e80b3f279064294c93eb51a73c62190, type: 3}
      propertyPath: m_SizeDelta.x
      value: 800
      objectReference: {fileID: 0}
    - target: {fileID: 5150827218631141674, guid: 3e80b3f279064294c93eb51a73c62190, type: 3}
      propertyPath: m_SizeDelta.y
      value: 300
      objectReference: {fileID: 0}
    - target: {fileID: 5150827218631141674, guid: 3e80b3f279064294c93eb51a73c62190, type: 3}
      propertyPath: m_LocalPosition.x
      value: 0
      objectReference: {fileID: 0}
    - target: {fileID: 5150827218631141674, guid: 3e80b3f279064294c93eb51a73c62190, type: 3}
      propertyPath: m_LocalPosition.y
      value: 0
      objectReference: {fileID: 0}
    - target: {fileID: 5150827218631141674, guid: 3e80b3f279064294c93eb51a73c62190, type: 3}
      propertyPath: m_LocalPosition.z
      value: 0
      objectReference: {fileID: 0}
    - target: {fileID: 5150827218631141674, guid: 3e80b3f279064294c93eb51a73c62190, type: 3}
      propertyPath: m_LocalRotation.w
      value: 1
      objectReference: {fileID: 0}
    - target: {fileID: 5150827218631141674, guid: 3e80b3f279064294c93eb51a73c62190, type: 3}
      propertyPath: m_LocalRotation.x
      value: 0
      objectReference: {fileID: 0}
    - target: {fileID: 5150827218631141674, guid: 3e80b3f279064294c93eb51a73c62190, type: 3}
      propertyPath: m_LocalRotation.y
      value: 0
      objectReference: {fileID: 0}
    - target: {fileID: 5150827218631141674, guid: 3e80b3f279064294c93eb51a73c62190, type: 3}
      propertyPath: m_LocalRotation.z
      value: 0
      objectReference: {fileID: 0}
    - target: {fileID: 5150827218631141674, guid: 3e80b3f279064294c93eb51a73c62190, type: 3}
      propertyPath: m_AnchoredPosition.x
      value: 0
      objectReference: {fileID: 0}
    - target: {fileID: 5150827218631141674, guid: 3e80b3f279064294c93eb51a73c62190, type: 3}
      propertyPath: m_AnchoredPosition.y
      value: 0
      objectReference: {fileID: 0}
    - target: {fileID: 5150827218631141674, guid: 3e80b3f279064294c93eb51a73c62190, type: 3}
      propertyPath: m_LocalEulerAnglesHint.x
      value: 0
      objectReference: {fileID: 0}
    - target: {fileID: 5150827218631141674, guid: 3e80b3f279064294c93eb51a73c62190, type: 3}
      propertyPath: m_LocalEulerAnglesHint.y
      value: 0
      objectReference: {fileID: 0}
    - target: {fileID: 5150827218631141674, guid: 3e80b3f279064294c93eb51a73c62190, type: 3}
      propertyPath: m_LocalEulerAnglesHint.z
      value: 0
      objectReference: {fileID: 0}
    - target: {fileID: 5150827218631141675, guid: 3e80b3f279064294c93eb51a73c62190, type: 3}
      propertyPath: m_Name
      value: Achievement
      objectReference: {fileID: 0}
    - target: {fileID: 5150827219174295007, guid: 3e80b3f279064294c93eb51a73c62190, type: 3}
      propertyPath: m_AnchorMax.y
      value: 0
      objectReference: {fileID: 0}
    - target: {fileID: 5150827219174295007, guid: 3e80b3f279064294c93eb51a73c62190, type: 3}
      propertyPath: m_AnchorMin.y
      value: 0
      objectReference: {fileID: 0}
    - target: {fileID: 5150827219174295007, guid: 3e80b3f279064294c93eb51a73c62190, type: 3}
      propertyPath: m_AnchoredPosition.x
      value: 0
      objectReference: {fileID: 0}
    - target: {fileID: 5150827219174295007, guid: 3e80b3f279064294c93eb51a73c62190, type: 3}
      propertyPath: m_AnchoredPosition.y
      value: 0
      objectReference: {fileID: 0}
    - target: {fileID: 5150827219266957702, guid: 3e80b3f279064294c93eb51a73c62190, type: 3}
      propertyPath: m_AnchorMax.y
      value: 0
      objectReference: {fileID: 0}
    - target: {fileID: 5150827219266957702, guid: 3e80b3f279064294c93eb51a73c62190, type: 3}
      propertyPath: m_AnchorMin.y
      value: 0
      objectReference: {fileID: 0}
    - target: {fileID: 5150827219266957702, guid: 3e80b3f279064294c93eb51a73c62190, type: 3}
      propertyPath: m_AnchoredPosition.x
      value: 0
      objectReference: {fileID: 0}
    - target: {fileID: 5150827219266957702, guid: 3e80b3f279064294c93eb51a73c62190, type: 3}
      propertyPath: m_AnchoredPosition.y
      value: 0
      objectReference: {fileID: 0}
    - target: {fileID: 5150827219843306252, guid: 3e80b3f279064294c93eb51a73c62190, type: 3}
      propertyPath: m_AnchorMax.y
      value: 0
      objectReference: {fileID: 0}
    - target: {fileID: 5150827219843306252, guid: 3e80b3f279064294c93eb51a73c62190, type: 3}
      propertyPath: m_AnchorMin.y
      value: 0
      objectReference: {fileID: 0}
    - target: {fileID: 5150827219843306252, guid: 3e80b3f279064294c93eb51a73c62190, type: 3}
      propertyPath: m_SizeDelta.x
      value: 0
      objectReference: {fileID: 0}
    - target: {fileID: 5150827219843306252, guid: 3e80b3f279064294c93eb51a73c62190, type: 3}
      propertyPath: m_AnchoredPosition.x
      value: 0
      objectReference: {fileID: 0}
    - target: {fileID: 5150827219843306252, guid: 3e80b3f279064294c93eb51a73c62190, type: 3}
      propertyPath: m_AnchoredPosition.y
      value: 0
      objectReference: {fileID: 0}
    m_RemovedComponents: []
  m_SourcePrefab: {fileID: 100100000, guid: 3e80b3f279064294c93eb51a73c62190, type: 3}
--- !u!224 &8744219914362769809 stripped
RectTransform:
  m_CorrespondingSourceObject: {fileID: 5150827218631141674, guid: 3e80b3f279064294c93eb51a73c62190, type: 3}
  m_PrefabInstance: {fileID: 4477386987779750075}
  m_PrefabAsset: {fileID: 0}
--- !u!114 &5128883292851545324 stripped
MonoBehaviour:
  m_CorrespondingSourceObject: {fileID: 8723379638409845847, guid: 3e80b3f279064294c93eb51a73c62190, type: 3}
  m_PrefabInstance: {fileID: 4477386987779750075}
  m_PrefabAsset: {fileID: 0}
  m_GameObject: {fileID: 0}
  m_Enabled: 1
  m_EditorHideFlags: 0
  m_Script: {fileID: 11500000, guid: cc9cf7ebecd49e340836f08ebfb7c4d2, type: 3}
  m_Name: 
  m_EditorClassIdentifier: 
