%YAML 1.1
%TAG !u! tag:unity3d.com,2011:
--- !u!114 &6332840707393751664
MonoBehaviour:
  m_ObjectHideFlags: 0
  m_CorrespondingSourceObject: {fileID: 0}
  m_PrefabInstance: {fileID: 0}
  m_PrefabAsset: {fileID: 0}
  m_GameObject: {fileID: 3914883800978763241}
  m_Enabled: 1
  m_EditorHideFlags: 0
  m_Script: {fileID: 11500000, guid: 6e0ebd2ebb607dd49a3b18242be85354, type: 3}
  m_Name: 
  m_EditorClassIdentifier: 
  _rigidbody: {fileID: 4303860255647512940}
  _collider: {fileID: 5026358801524011376}
--- !u!54 &4303860255647512940
Rigidbody:
  m_ObjectHideFlags: 0
  m_CorrespondingSourceObject: {fileID: 0}
  m_PrefabInstance: {fileID: 0}
  m_PrefabAsset: {fileID: 0}
  m_GameObject: {fileID: 3914883800978763241}
  serializedVersion: 2
  m_Mass: 1
  m_Drag: 0
  m_AngularDrag: 0.05
  m_UseGravity: 1
  m_IsKinematic: 1
  m_Interpolate: 0
  m_Constraints: 0
  m_CollisionDetection: 0
--- !u!64 &5026358801524011376
MeshCollider:
  m_ObjectHideFlags: 0
  m_CorrespondingSourceObject: {fileID: 0}
  m_PrefabInstance: {fileID: 0}
  m_PrefabAsset: {fileID: 0}
  m_GameObject: {fileID: 3914883800978763241}
  m_Material: {fileID: 0}
  m_IsTrigger: 0
  m_Enabled: 0
  serializedVersion: 4
  m_Convex: 1
  m_CookingOptions: 30
  m_Mesh: {fileID: -7094014691829108092, guid: f3f32a0c37cc0f649b42ee5be057b806, type: 3}
--- !u!54 &1602487674842510462
Rigidbody:
  m_ObjectHideFlags: 0
  m_CorrespondingSourceObject: {fileID: 0}
  m_PrefabInstance: {fileID: 0}
  m_PrefabAsset: {fileID: 0}
  m_GameObject: {fileID: 5294319195787599691}
  serializedVersion: 2
  m_Mass: 1
  m_Drag: 0
  m_AngularDrag: 0.05
  m_UseGravity: 1
  m_IsKinematic: 1
  m_Interpolate: 0
  m_Constraints: 0
  m_CollisionDetection: 0
--- !u!65 &852656525068888620
BoxCollider:
  m_ObjectHideFlags: 0
  m_CorrespondingSourceObject: {fileID: 0}
  m_PrefabInstance: {fileID: 0}
  m_PrefabAsset: {fileID: 0}
  m_GameObject: {fileID: 5294319195787599691}
  m_Material: {fileID: 0}
  m_IsTrigger: 0
  m_Enabled: 0
  serializedVersion: 2
  m_Size: {x: 0.006, y: 0.030000001, z: 0.005908847}
  m_Center: {x: 0, y: -0.0000000023283064, z: 0}
--- !u!114 &8328414561014267106
MonoBehaviour:
  m_ObjectHideFlags: 0
  m_CorrespondingSourceObject: {fileID: 0}
  m_PrefabInstance: {fileID: 0}
  m_PrefabAsset: {fileID: 0}
  m_GameObject: {fileID: 2295060299270897676}
  m_Enabled: 1
  m_EditorHideFlags: 0
  m_Script: {fileID: 11500000, guid: 0c3ea44eef20b0b4396ebe666c9a6eeb, type: 3}
  m_Name: 
  m_EditorClassIdentifier: 
  customRenderer: {fileID: 0}
  textureResolution: 4
  extendsIslandOffset: 0.15
--- !u!64 &8750916963942392469
MeshCollider:
  m_ObjectHideFlags: 0
  m_CorrespondingSourceObject: {fileID: 0}
  m_PrefabInstance: {fileID: 0}
  m_PrefabAsset: {fileID: 0}
  m_GameObject: {fileID: 4645466171646592903}
  m_Material: {fileID: 0}
  m_IsTrigger: 0
  m_Enabled: 1
  serializedVersion: 4
  m_Convex: 0
  m_CookingOptions: 30
  m_Mesh: {fileID: -4331657275338700086, guid: f3f32a0c37cc0f649b42ee5be057b806, type: 3}
--- !u!64 &1601752600131484297
MeshCollider:
  m_ObjectHideFlags: 0
  m_CorrespondingSourceObject: {fileID: 0}
  m_PrefabInstance: {fileID: 0}
  m_PrefabAsset: {fileID: 0}
  m_GameObject: {fileID: 4426351817622113379}
  m_Material: {fileID: 0}
  m_IsTrigger: 0
  m_Enabled: 1
  serializedVersion: 4
  m_Convex: 0
  m_CookingOptions: 30
  m_Mesh: {fileID: -1483768296430770542, guid: f3f32a0c37cc0f649b42ee5be057b806, type: 3}
--- !u!1001 &1754590892345328039
PrefabInstance:
  m_ObjectHideFlags: 0
  serializedVersion: 2
  m_Modification:
    m_TransformParent: {fileID: 1197011684178476573}
    m_Modifications:
    - target: {fileID: 1041169334180894229, guid: 625bc8e2020555c45bca1019699d0569, type: 3}
      propertyPath: m_Name
      value: 0
      objectReference: {fileID: 0}
    - target: {fileID: 4322275452205688778, guid: 625bc8e2020555c45bca1019699d0569, type: 3}
      propertyPath: m_RootOrder
      value: 0
      objectReference: {fileID: 0}
    - target: {fileID: 4322275452205688778, guid: 625bc8e2020555c45bca1019699d0569, type: 3}
      propertyPath: m_LocalPosition.x
      value: -0.00000028358772
      objectReference: {fileID: 0}
    - target: {fileID: 4322275452205688778, guid: 625bc8e2020555c45bca1019699d0569, type: 3}
      propertyPath: m_LocalPosition.y
      value: 0.00000025863704
      objectReference: {fileID: 0}
    - target: {fileID: 4322275452205688778, guid: 625bc8e2020555c45bca1019699d0569, type: 3}
      propertyPath: m_LocalPosition.z
      value: -0.12164604
      objectReference: {fileID: 0}
    - target: {fileID: 4322275452205688778, guid: 625bc8e2020555c45bca1019699d0569, type: 3}
      propertyPath: m_LocalRotation.w
      value: 1
      objectReference: {fileID: 0}
    - target: {fileID: 4322275452205688778, guid: 625bc8e2020555c45bca1019699d0569, type: 3}
      propertyPath: m_LocalRotation.x
      value: 0.000000021855694
      objectReference: {fileID: 0}
    - target: {fileID: 4322275452205688778, guid: 625bc8e2020555c45bca1019699d0569, type: 3}
      propertyPath: m_LocalRotation.y
      value: -0
      objectReference: {fileID: 0}
    - target: {fileID: 4322275452205688778, guid: 625bc8e2020555c45bca1019699d0569, type: 3}
      propertyPath: m_LocalRotation.z
      value: -0
      objectReference: {fileID: 0}
    - target: {fileID: 4322275452205688778, guid: 625bc8e2020555c45bca1019699d0569, type: 3}
      propertyPath: m_LocalEulerAnglesHint.x
      value: 0
      objectReference: {fileID: 0}
    - target: {fileID: 4322275452205688778, guid: 625bc8e2020555c45bca1019699d0569, type: 3}
      propertyPath: m_LocalEulerAnglesHint.y
      value: 0
      objectReference: {fileID: 0}
    - target: {fileID: 4322275452205688778, guid: 625bc8e2020555c45bca1019699d0569, type: 3}
      propertyPath: m_LocalEulerAnglesHint.z
      value: 0
      objectReference: {fileID: 0}
    m_RemovedComponents: []
  m_SourcePrefab: {fileID: 100100000, guid: 625bc8e2020555c45bca1019699d0569, type: 3}
--- !u!4 &2567686761043813997 stripped
Transform:
  m_CorrespondingSourceObject: {fileID: 4322275452205688778, guid: 625bc8e2020555c45bca1019699d0569, type: 3}
  m_PrefabInstance: {fileID: 1754590892345328039}
  m_PrefabAsset: {fileID: 0}
--- !u!1001 &1861571806915697425
PrefabInstance:
  m_ObjectHideFlags: 0
  serializedVersion: 2
  m_Modification:
    m_TransformParent: {fileID: 6888883135241986907}
    m_Modifications:
    - target: {fileID: -9106692117956256921, guid: f3f32a0c37cc0f649b42ee5be057b806, type: 3}
      propertyPath: m_Materials.Array.data[0]
      value: 
      objectReference: {fileID: 2100000, guid: 9c7d87795e1647f4588eeaec887f720c, type: 2}
    - target: {fileID: -8679921383154817045, guid: f3f32a0c37cc0f649b42ee5be057b806, type: 3}
      propertyPath: m_RootOrder
      value: 5
      objectReference: {fileID: 0}
    - target: {fileID: -8679921383154817045, guid: f3f32a0c37cc0f649b42ee5be057b806, type: 3}
      propertyPath: m_LocalPosition.x
      value: 0
      objectReference: {fileID: 0}
    - target: {fileID: -8679921383154817045, guid: f3f32a0c37cc0f649b42ee5be057b806, type: 3}
      propertyPath: m_LocalPosition.y
      value: 0
      objectReference: {fileID: 0}
    - target: {fileID: -8679921383154817045, guid: f3f32a0c37cc0f649b42ee5be057b806, type: 3}
      propertyPath: m_LocalPosition.z
      value: 0
      objectReference: {fileID: 0}
    - target: {fileID: -8679921383154817045, guid: f3f32a0c37cc0f649b42ee5be057b806, type: 3}
      propertyPath: m_LocalRotation.w
      value: 1
      objectReference: {fileID: 0}
    - target: {fileID: -8679921383154817045, guid: f3f32a0c37cc0f649b42ee5be057b806, type: 3}
      propertyPath: m_LocalRotation.x
      value: 0
      objectReference: {fileID: 0}
    - target: {fileID: -8679921383154817045, guid: f3f32a0c37cc0f649b42ee5be057b806, type: 3}
      propertyPath: m_LocalRotation.y
      value: 0
      objectReference: {fileID: 0}
    - target: {fileID: -8679921383154817045, guid: f3f32a0c37cc0f649b42ee5be057b806, type: 3}
      propertyPath: m_LocalRotation.z
      value: 0
      objectReference: {fileID: 0}
    - target: {fileID: -8679921383154817045, guid: f3f32a0c37cc0f649b42ee5be057b806, type: 3}
      propertyPath: m_LocalEulerAnglesHint.x
      value: 0
      objectReference: {fileID: 0}
    - target: {fileID: -8679921383154817045, guid: f3f32a0c37cc0f649b42ee5be057b806, type: 3}
      propertyPath: m_LocalEulerAnglesHint.y
      value: 0
      objectReference: {fileID: 0}
    - target: {fileID: -8679921383154817045, guid: f3f32a0c37cc0f649b42ee5be057b806, type: 3}
      propertyPath: m_LocalEulerAnglesHint.z
      value: 0
      objectReference: {fileID: 0}
    - target: {fileID: -8304165988336708371, guid: f3f32a0c37cc0f649b42ee5be057b806, type: 3}
      propertyPath: m_Materials.Array.data[0]
      value: 
      objectReference: {fileID: 2100000, guid: 9c7d87795e1647f4588eeaec887f720c, type: 2}
    - target: {fileID: -5635648308888094064, guid: f3f32a0c37cc0f649b42ee5be057b806, type: 3}
      propertyPath: m_IsActive
      value: 0
      objectReference: {fileID: 0}
    - target: {fileID: -2761371308733145962, guid: f3f32a0c37cc0f649b42ee5be057b806, type: 3}
      propertyPath: m_TagString
      value: Paintable
      objectReference: {fileID: 0}
    - target: {fileID: -1584604217131939050, guid: f3f32a0c37cc0f649b42ee5be057b806, type: 3}
      propertyPath: m_Materials.Array.data[0]
      value: 
      objectReference: {fileID: 2100000, guid: 9c7d87795e1647f4588eeaec887f720c, type: 2}
    - target: {fileID: 919132149155446097, guid: f3f32a0c37cc0f649b42ee5be057b806, type: 3}
      propertyPath: m_Name
      value: View
      objectReference: {fileID: 0}
    - target: {fileID: 2645915585163220850, guid: f3f32a0c37cc0f649b42ee5be057b806, type: 3}
      propertyPath: m_TagString
      value: Paintable
      objectReference: {fileID: 0}
    - target: {fileID: 2863401228860799273, guid: f3f32a0c37cc0f649b42ee5be057b806, type: 3}
      propertyPath: m_Materials.Array.data[0]
      value: 
      objectReference: {fileID: 2100000, guid: 9c7d87795e1647f4588eeaec887f720c, type: 2}
    - target: {fileID: 4422263855929999646, guid: f3f32a0c37cc0f649b42ee5be057b806, type: 3}
      propertyPath: m_Materials.Array.data[0]
      value: 
      objectReference: {fileID: 2100000, guid: 9c7d87795e1647f4588eeaec887f720c, type: 2}
    m_RemovedComponents: []
  m_SourcePrefab: {fileID: 100100000, guid: f3f32a0c37cc0f649b42ee5be057b806, type: 3}
--- !u!1 &3914883800978763241 stripped
GameObject:
  m_CorrespondingSourceObject: {fileID: -5800117757692168456, guid: f3f32a0c37cc0f649b42ee5be057b806, type: 3}
  m_PrefabInstance: {fileID: 1861571806915697425}
  m_PrefabAsset: {fileID: 0}
--- !u!1 &5294319195787599691 stripped
GameObject:
  m_CorrespondingSourceObject: {fileID: 5813182778843595866, guid: f3f32a0c37cc0f649b42ee5be057b806, type: 3}
  m_PrefabInstance: {fileID: 1861571806915697425}
  m_PrefabAsset: {fileID: 0}
--- !u!4 &6331061189040126950 stripped
Transform:
  m_CorrespondingSourceObject: {fileID: 5623257785562570999, guid: f3f32a0c37cc0f649b42ee5be057b806, type: 3}
  m_PrefabInstance: {fileID: 1861571806915697425}
  m_PrefabAsset: {fileID: 0}
--- !u!1 &2295060299270897676 stripped
GameObject:
  m_CorrespondingSourceObject: {fileID: -8787630507632141539, guid: f3f32a0c37cc0f649b42ee5be057b806, type: 3}
  m_PrefabInstance: {fileID: 1861571806915697425}
  m_PrefabAsset: {fileID: 0}
--- !u!4 &7550111044926824399 stripped
Transform:
  m_CorrespondingSourceObject: {fileID: 8147786109532390622, guid: f3f32a0c37cc0f649b42ee5be057b806, type: 3}
  m_PrefabInstance: {fileID: 1861571806915697425}
  m_PrefabAsset: {fileID: 0}
--- !u!1 &4645466171646592903 stripped
GameObject:
  m_CorrespondingSourceObject: {fileID: -2761371308733145962, guid: f3f32a0c37cc0f649b42ee5be057b806, type: 3}
  m_PrefabInstance: {fileID: 1861571806915697425}
  m_PrefabAsset: {fileID: 0}
--- !u!23 &8347416885080641543 stripped
MeshRenderer:
  m_CorrespondingSourceObject: {fileID: -1584604217131939050, guid: f3f32a0c37cc0f649b42ee5be057b806, type: 3}
  m_PrefabInstance: {fileID: 1861571806915697425}
  m_PrefabAsset: {fileID: 0}
--- !u!1 &4426351817622113379 stripped
GameObject:
  m_CorrespondingSourceObject: {fileID: 2645915585163220850, guid: f3f32a0c37cc0f649b42ee5be057b806, type: 3}
  m_PrefabInstance: {fileID: 1861571806915697425}
  m_PrefabAsset: {fileID: 0}
--- !u!23 &1750535171050406006 stripped
MeshRenderer:
  m_CorrespondingSourceObject: {fileID: -9106692117956256921, guid: f3f32a0c37cc0f649b42ee5be057b806, type: 3}
  m_PrefabInstance: {fileID: 1861571806915697425}
  m_PrefabAsset: {fileID: 0}
--- !u!1001 &6724490978184185713
PrefabInstance:
  m_ObjectHideFlags: 0
  serializedVersion: 2
  m_Modification:
    m_TransformParent: {fileID: 0}
    m_Modifications:
    - target: {fileID: 200421577408111658, guid: 039486a256e58244395733b0e21a13d2, type: 3}
      propertyPath: m_RootOrder
      value: 0
      objectReference: {fileID: 0}
    - target: {fileID: 200421577408111658, guid: 039486a256e58244395733b0e21a13d2, type: 3}
      propertyPath: m_LocalPosition.x
      value: 0
      objectReference: {fileID: 0}
    - target: {fileID: 200421577408111658, guid: 039486a256e58244395733b0e21a13d2, type: 3}
      propertyPath: m_LocalPosition.y
      value: 0
      objectReference: {fileID: 0}
    - target: {fileID: 200421577408111658, guid: 039486a256e58244395733b0e21a13d2, type: 3}
      propertyPath: m_LocalPosition.z
      value: 0
      objectReference: {fileID: 0}
    - target: {fileID: 200421577408111658, guid: 039486a256e58244395733b0e21a13d2, type: 3}
      propertyPath: m_LocalRotation.w
      value: 1
      objectReference: {fileID: 0}
    - target: {fileID: 200421577408111658, guid: 039486a256e58244395733b0e21a13d2, type: 3}
      propertyPath: m_LocalRotation.x
      value: 0
      objectReference: {fileID: 0}
    - target: {fileID: 200421577408111658, guid: 039486a256e58244395733b0e21a13d2, type: 3}
      propertyPath: m_LocalRotation.y
      value: 0
      objectReference: {fileID: 0}
    - target: {fileID: 200421577408111658, guid: 039486a256e58244395733b0e21a13d2, type: 3}
      propertyPath: m_LocalRotation.z
      value: 0
      objectReference: {fileID: 0}
    - target: {fileID: 200421577408111658, guid: 039486a256e58244395733b0e21a13d2, type: 3}
      propertyPath: m_LocalEulerAnglesHint.x
      value: 0
      objectReference: {fileID: 0}
    - target: {fileID: 200421577408111658, guid: 039486a256e58244395733b0e21a13d2, type: 3}
      propertyPath: m_LocalEulerAnglesHint.y
      value: 90
      objectReference: {fileID: 0}
    - target: {fileID: 200421577408111658, guid: 039486a256e58244395733b0e21a13d2, type: 3}
      propertyPath: m_LocalEulerAnglesHint.z
      value: 0
      objectReference: {fileID: 0}
    - target: {fileID: 200421577408111659, guid: 039486a256e58244395733b0e21a13d2, type: 3}
      propertyPath: m_Name
      value: Prefab
      objectReference: {fileID: 0}
    - target: {fileID: 1482153838152494418, guid: 039486a256e58244395733b0e21a13d2, type: 3}
      propertyPath: m_Materials.Array.data[0]
      value: 
      objectReference: {fileID: 2100000, guid: 53fc984d5ee1d3c46a193a67737bfcaa, type: 2}
    - target: {fileID: 1986377789899891164, guid: 039486a256e58244395733b0e21a13d2, type: 3}
      propertyPath: m_Size.x
      value: 0.478094
      objectReference: {fileID: 0}
    - target: {fileID: 1986377789899891164, guid: 039486a256e58244395733b0e21a13d2, type: 3}
      propertyPath: m_Size.z
      value: 0.23836732
      objectReference: {fileID: 0}
    - target: {fileID: 1986377789899891164, guid: 039486a256e58244395733b0e21a13d2, type: 3}
      propertyPath: m_Center.x
      value: -0.000007227063
      objectReference: {fileID: 0}
    - target: {fileID: 1986377789899891164, guid: 039486a256e58244395733b0e21a13d2, type: 3}
      propertyPath: m_Center.z
      value: -0.0000006966293
      objectReference: {fileID: 0}
    - target: {fileID: 2546062923579179019, guid: 039486a256e58244395733b0e21a13d2, type: 3}
      propertyPath: vertexPathEditorData.Array.size
      value: 1
      objectReference: {fileID: 0}
    - target: {fileID: 2546062923579179019, guid: 039486a256e58244395733b0e21a13d2, type: 3}
      propertyPath: vertexPathEditorData.Array.data[0].sawingPart
      value: 
      objectReference: {fileID: 6332840707393751664}
    - target: {fileID: 2546062923579179019, guid: 039486a256e58244395733b0e21a13d2, type: 3}
      propertyPath: vertexPathEditorData.Array.data[0].triggerZone
      value: 
      objectReference: {fileID: 5745601097503561250}
    - target: {fileID: 2546062923579179019, guid: 039486a256e58244395733b0e21a13d2, type: 3}
      propertyPath: vertexPathEditorData.Array.data[0].overrideUVArea
      value: 0.9624996
      objectReference: {fileID: 0}
    - target: {fileID: 2546062923579179019, guid: 039486a256e58244395733b0e21a13d2, type: 3}
      propertyPath: vertexPathEditorData.Array.data[0].overrideUVSize.w
      value: 1
      objectReference: {fileID: 0}
    - target: {fileID: 2546062923579179019, guid: 039486a256e58244395733b0e21a13d2, type: 3}
      propertyPath: vertexPathEditorData.Array.data[0].overrideUVSize.x
      value: 0.025
      objectReference: {fileID: 0}
    - target: {fileID: 2546062923579179019, guid: 039486a256e58244395733b0e21a13d2, type: 3}
      propertyPath: vertexPathEditorData.Array.data[0].overrideUVSize.z
      value: 0.96250004
      objectReference: {fileID: 0}
    - target: {fileID: 2546062923579179019, guid: 039486a256e58244395733b0e21a13d2, type: 3}
      propertyPath: vertexPathEditorData.Array.data[0].vertexPathConfig
      value: 
      objectReference: {fileID: 11400000, guid: be0a41c27bcf1484981cfab7885af169, type: 2}
    - target: {fileID: 2678124249459416961, guid: 039486a256e58244395733b0e21a13d2, type: 3}
      propertyPath: m_Materials.Array.data[0]
      value: 
      objectReference: {fileID: 2100000, guid: 53fc984d5ee1d3c46a193a67737bfcaa, type: 2}
    - target: {fileID: 3003416048150525724, guid: 039486a256e58244395733b0e21a13d2, type: 3}
      propertyPath: m_Mesh
      value: 
      objectReference: {fileID: 4300000, guid: 049e83e19b1d6354e9461ab15ab09293, type: 2}
    - target: {fileID: 3413720304906911714, guid: 039486a256e58244395733b0e21a13d2, type: 3}
      propertyPath: toningPaintable
      value: 
      objectReference: {fileID: 8328414561014267106}
    - target: {fileID: 3413720304906911714, guid: 039486a256e58244395733b0e21a13d2, type: 3}
      propertyPath: sawedFinalObject
      value: 
      objectReference: {fileID: 6331061189040126950}
    - target: {fileID: 3413720304906911714, guid: 039486a256e58244395733b0e21a13d2, type: 3}
      propertyPath: chamferedFinalObject
      value: 
      objectReference: {fileID: 7550111044926824399}
    - target: {fileID: 3413720304906911714, guid: 039486a256e58244395733b0e21a13d2, type: 3}
      propertyPath: toningEditorData.Array.size
      value: 2
      objectReference: {fileID: 0}
    - target: {fileID: 3413720304906911714, guid: 039486a256e58244395733b0e21a13d2, type: 3}
      propertyPath: toningEditorData.Array.data[0].uvArea
      value: 0.046160147
      objectReference: {fileID: 0}
    - target: {fileID: 3413720304906911714, guid: 039486a256e58244395733b0e21a13d2, type: 3}
      propertyPath: toningEditorData.Array.data[1].uvArea
      value: 0.046160083
      objectReference: {fileID: 0}
    - target: {fileID: 3413720304906911714, guid: 039486a256e58244395733b0e21a13d2, type: 3}
      propertyPath: toningEditorData.Array.data[0].renderer
      value: 
      objectReference: {fileID: 1750535171050406006}
    - target: {fileID: 3413720304906911714, guid: 039486a256e58244395733b0e21a13d2, type: 3}
      propertyPath: toningEditorData.Array.data[1].renderer
      value: 
      objectReference: {fileID: 8347416885080641543}
    - target: {fileID: 4276362452957727951, guid: 039486a256e58244395733b0e21a13d2, type: 3}
      propertyPath: m_Mesh
      value: 
      objectReference: {fileID: 4300000, guid: 682bcf308896b874c9d20503cbdb737a, type: 2}
    - target: {fileID: 5556826411945738188, guid: 039486a256e58244395733b0e21a13d2, type: 3}
      propertyPath: vertexPathEditorData.Array.size
      value: 1
      objectReference: {fileID: 0}
    - target: {fileID: 5556826411945738188, guid: 039486a256e58244395733b0e21a13d2, type: 3}
      propertyPath: vertexPathEditorData.Array.data[0].sawingPart
      value: 
      objectReference: {fileID: 6332840707393751664}
    - target: {fileID: 5556826411945738188, guid: 039486a256e58244395733b0e21a13d2, type: 3}
      propertyPath: vertexPathEditorData.Array.data[0].triggerZone
      value: 
      objectReference: {fileID: 2567686761043813997}
    - target: {fileID: 5556826411945738188, guid: 039486a256e58244395733b0e21a13d2, type: 3}
      propertyPath: vertexPathEditorData.Array.data[0].vertexPathConfig
      value: 
      objectReference: {fileID: 11400000, guid: be0a41c27bcf1484981cfab7885af169, type: 2}
    - target: {fileID: 5946924383109660642, guid: 039486a256e58244395733b0e21a13d2, type: 3}
      propertyPath: m_LocalPosition.x
      value: 0
      objectReference: {fileID: 0}
    - target: {fileID: 5946924383109660642, guid: 039486a256e58244395733b0e21a13d2, type: 3}
      propertyPath: m_LocalPosition.y
      value: 0.015100249
      objectReference: {fileID: 0}
    - target: {fileID: 5946924383109660642, guid: 039486a256e58244395733b0e21a13d2, type: 3}
      propertyPath: m_LocalPosition.z
      value: 1.1920929e-11
      objectReference: {fileID: 0}
    - target: {fileID: 6719680311252008809, guid: 039486a256e58244395733b0e21a13d2, type: 3}
      propertyPath: m_Mesh
      value: 
      objectReference: {fileID: 4300000, guid: 049e83e19b1d6354e9461ab15ab09293, type: 2}
    - target: {fileID: 8567847429075496337, guid: 039486a256e58244395733b0e21a13d2, type: 3}
      propertyPath: m_Mesh
      value: 
      objectReference: {fileID: 4300000, guid: 682bcf308896b874c9d20503cbdb737a, type: 2}
    m_RemovedComponents: []
  m_SourcePrefab: {fileID: 100100000, guid: 039486a256e58244395733b0e21a13d2, type: 3}
--- !u!4 &6888883135241986907 stripped
Transform:
  m_CorrespondingSourceObject: {fileID: 200421577408111658, guid: 039486a256e58244395733b0e21a13d2, type: 3}
  m_PrefabInstance: {fileID: 6724490978184185713}
  m_PrefabAsset: {fileID: 0}
--- !u!4 &7170863215091903884 stripped
Transform:
  m_CorrespondingSourceObject: {fileID: 4527866894241966845, guid: 039486a256e58244395733b0e21a13d2, type: 3}
  m_PrefabInstance: {fileID: 6724490978184185713}
  m_PrefabAsset: {fileID: 0}
--- !u!4 &287073003081447167 stripped
Transform:
  m_CorrespondingSourceObject: {fileID: 6821215703051989390, guid: 039486a256e58244395733b0e21a13d2, type: 3}
  m_PrefabInstance: {fileID: 6724490978184185713}
  m_PrefabAsset: {fileID: 0}
--- !u!4 &1197011684178476573 stripped
Transform:
  m_CorrespondingSourceObject: {fileID: 5606580361746184556, guid: 039486a256e58244395733b0e21a13d2, type: 3}
  m_PrefabInstance: {fileID: 6724490978184185713}
  m_PrefabAsset: {fileID: 0}
--- !u!1001 &8289182441514337743
PrefabInstance:
  m_ObjectHideFlags: 0
  serializedVersion: 2
  m_Modification:
    m_TransformParent: {fileID: 7170863215091903884}
    m_Modifications:
    - target: {fileID: 299579926811496707, guid: a60dad920f973ef47a56a55ab7a4c5eb, type: 3}
      propertyPath: m_Name
      value: DrillZone0
      objectReference: {fileID: 0}
    - target: {fileID: 5546204518371930970, guid: a60dad920f973ef47a56a55ab7a4c5eb, type: 3}
      propertyPath: _target
      value: 
      objectReference: {fileID: 5294319195787599691}
    - target: {fileID: 5616278134645749563, guid: a60dad920f973ef47a56a55ab7a4c5eb, type: 3}
      propertyPath: m_RootOrder
      value: 0
      objectReference: {fileID: 0}
    - target: {fileID: 5616278134645749563, guid: a60dad920f973ef47a56a55ab7a4c5eb, type: 3}
      propertyPath: m_LocalPosition.x
      value: -0.00000028358772
      objectReference: {fileID: 0}
    - target: {fileID: 5616278134645749563, guid: a60dad920f973ef47a56a55ab7a4c5eb, type: 3}
      propertyPath: m_LocalPosition.y
      value: 0.00000025863704
      objectReference: {fileID: 0}
    - target: {fileID: 5616278134645749563, guid: a60dad920f973ef47a56a55ab7a4c5eb, type: 3}
      propertyPath: m_LocalPosition.z
      value: -0.12164604
      objectReference: {fileID: 0}
    - target: {fileID: 5616278134645749563, guid: a60dad920f973ef47a56a55ab7a4c5eb, type: 3}
      propertyPath: m_LocalRotation.w
      value: 1
      objectReference: {fileID: 0}
    - target: {fileID: 5616278134645749563, guid: a60dad920f973ef47a56a55ab7a4c5eb, type: 3}
      propertyPath: m_LocalRotation.x
      value: 0.000000021855694
      objectReference: {fileID: 0}
    - target: {fileID: 5616278134645749563, guid: a60dad920f973ef47a56a55ab7a4c5eb, type: 3}
      propertyPath: m_LocalRotation.y
      value: -0
      objectReference: {fileID: 0}
    - target: {fileID: 5616278134645749563, guid: a60dad920f973ef47a56a55ab7a4c5eb, type: 3}
      propertyPath: m_LocalRotation.z
      value: -0
      objectReference: {fileID: 0}
    - target: {fileID: 5616278134645749563, guid: a60dad920f973ef47a56a55ab7a4c5eb, type: 3}
      propertyPath: m_LocalEulerAnglesHint.x
      value: 0
      objectReference: {fileID: 0}
    - target: {fileID: 5616278134645749563, guid: a60dad920f973ef47a56a55ab7a4c5eb, type: 3}
      propertyPath: m_LocalEulerAnglesHint.y
      value: 0
      objectReference: {fileID: 0}
    - target: {fileID: 5616278134645749563, guid: a60dad920f973ef47a56a55ab7a4c5eb, type: 3}
      propertyPath: m_LocalEulerAnglesHint.z
      value: 0
      objectReference: {fileID: 0}
    m_RemovedComponents: []
  m_SourcePrefab: {fileID: 100100000, guid: a60dad920f973ef47a56a55ab7a4c5eb, type: 3}
--- !u!1001 &8378867246702211560
PrefabInstance:
  m_ObjectHideFlags: 0
  serializedVersion: 2
  m_Modification:
    m_TransformParent: {fileID: 287073003081447167}
    m_Modifications:
    - target: {fileID: 1041169334180894229, guid: 625bc8e2020555c45bca1019699d0569, type: 3}
      propertyPath: m_Name
      value: 0
      objectReference: {fileID: 0}
    - target: {fileID: 4322275452205688778, guid: 625bc8e2020555c45bca1019699d0569, type: 3}
      propertyPath: m_RootOrder
      value: 0
      objectReference: {fileID: 0}
    - target: {fileID: 4322275452205688778, guid: 625bc8e2020555c45bca1019699d0569, type: 3}
      propertyPath: m_LocalPosition.x
      value: -0.00000028358772
      objectReference: {fileID: 0}
    - target: {fileID: 4322275452205688778, guid: 625bc8e2020555c45bca1019699d0569, type: 3}
      propertyPath: m_LocalPosition.y
      value: 0.00000025863704
      objectReference: {fileID: 0}
    - target: {fileID: 4322275452205688778, guid: 625bc8e2020555c45bca1019699d0569, type: 3}
      propertyPath: m_LocalPosition.z
      value: -0.12164604
      objectReference: {fileID: 0}
    - target: {fileID: 4322275452205688778, guid: 625bc8e2020555c45bca1019699d0569, type: 3}
      propertyPath: m_LocalRotation.w
      value: 1
      objectReference: {fileID: 0}
    - target: {fileID: 4322275452205688778, guid: 625bc8e2020555c45bca1019699d0569, type: 3}
      propertyPath: m_LocalRotation.x
      value: 0.000000021855694
      objectReference: {fileID: 0}
    - target: {fileID: 4322275452205688778, guid: 625bc8e2020555c45bca1019699d0569, type: 3}
      propertyPath: m_LocalRotation.y
      value: -0
      objectReference: {fileID: 0}
    - target: {fileID: 4322275452205688778, guid: 625bc8e2020555c45bca1019699d0569, type: 3}
      propertyPath: m_LocalRotation.z
      value: -0
      objectReference: {fileID: 0}
    - target: {fileID: 4322275452205688778, guid: 625bc8e2020555c45bca1019699d0569, type: 3}
      propertyPath: m_LocalEulerAnglesHint.x
      value: 0
      objectReference: {fileID: 0}
    - target: {fileID: 4322275452205688778, guid: 625bc8e2020555c45bca1019699d0569, type: 3}
      propertyPath: m_LocalEulerAnglesHint.y
      value: 0
      objectReference: {fileID: 0}
    - target: {fileID: 4322275452205688778, guid: 625bc8e2020555c45bca1019699d0569, type: 3}
      propertyPath: m_LocalEulerAnglesHint.z
      value: 0
      objectReference: {fileID: 0}
    m_RemovedComponents: []
  m_SourcePrefab: {fileID: 100100000, guid: 625bc8e2020555c45bca1019699d0569, type: 3}
--- !u!4 &5745601097503561250 stripped
Transform:
  m_CorrespondingSourceObject: {fileID: 4322275452205688778, guid: 625bc8e2020555c45bca1019699d0569, type: 3}
  m_PrefabInstance: {fileID: 8378867246702211560}
  m_PrefabAsset: {fileID: 0}
