%YAML 1.1
%TAG !u! tag:unity3d.com,2011:
--- !u!114 &3402763233109467848
MonoBehaviour:
  m_ObjectHideFlags: 0
  m_CorrespondingSourceObject: {fileID: 0}
  m_PrefabInstance: {fileID: 0}
  m_PrefabAsset: {fileID: 0}
  m_GameObject: {fileID: 2191935211708068386}
  m_Enabled: 1
  m_EditorHideFlags: 0
  m_Script: {fileID: 11500000, guid: 6e0ebd2ebb607dd49a3b18242be85354, type: 3}
  m_Name: 
  m_EditorClassIdentifier: 
  _rigidbody: {fileID: 2415645351589981080}
  _collider: {fileID: 7736983094423314208}
--- !u!54 &2415645351589981080
Rigidbody:
  m_ObjectHideFlags: 0
  m_CorrespondingSourceObject: {fileID: 0}
  m_PrefabInstance: {fileID: 0}
  m_PrefabAsset: {fileID: 0}
  m_GameObject: {fileID: 2191935211708068386}
  serializedVersion: 2
  m_Mass: 1
  m_Drag: 0
  m_AngularDrag: 0.05
  m_UseGravity: 1
  m_IsKinematic: 1
  m_Interpolate: 0
  m_Constraints: 0
  m_CollisionDetection: 0
--- !u!64 &7736983094423314208
MeshCollider:
  m_ObjectHideFlags: 0
  m_CorrespondingSourceObject: {fileID: 0}
  m_PrefabInstance: {fileID: 0}
  m_PrefabAsset: {fileID: 0}
  m_GameObject: {fileID: 2191935211708068386}
  m_Material: {fileID: 0}
  m_IsTrigger: 0
  m_Enabled: 0
  serializedVersion: 4
  m_Convex: 1
  m_CookingOptions: 30
  m_Mesh: {fileID: -7094014691829108092, guid: 276566e0202695e4998280364a5d7592, type: 3}
--- !u!54 &4728690168407968231
Rigidbody:
  m_ObjectHideFlags: 0
  m_CorrespondingSourceObject: {fileID: 0}
  m_PrefabInstance: {fileID: 0}
  m_PrefabAsset: {fileID: 0}
  m_GameObject: {fileID: 7009312028165734528}
  serializedVersion: 2
  m_Mass: 1
  m_Drag: 0
  m_AngularDrag: 0.05
  m_UseGravity: 1
  m_IsKinematic: 1
  m_Interpolate: 0
  m_Constraints: 0
  m_CollisionDetection: 0
--- !u!65 &2148655852550879064
BoxCollider:
  m_ObjectHideFlags: 0
  m_CorrespondingSourceObject: {fileID: 0}
  m_PrefabInstance: {fileID: 0}
  m_PrefabAsset: {fileID: 0}
  m_GameObject: {fileID: 7009312028165734528}
  m_Material: {fileID: 0}
  m_IsTrigger: 0
  m_Enabled: 0
  serializedVersion: 2
  m_Size: {x: 0.0059999973, y: 0.030000001, z: 0.005908847}
  m_Center: {x: 0, y: -0.0000000013969839, z: 0.0000000018626451}
--- !u!114 &2273630697135469813
MonoBehaviour:
  m_ObjectHideFlags: 0
  m_CorrespondingSourceObject: {fileID: 0}
  m_PrefabInstance: {fileID: 0}
  m_PrefabAsset: {fileID: 0}
  m_GameObject: {fileID: 4144632184123264542}
  m_Enabled: 1
  m_EditorHideFlags: 0
  m_Script: {fileID: 11500000, guid: 6e0ebd2ebb607dd49a3b18242be85354, type: 3}
  m_Name: 
  m_EditorClassIdentifier: 
  _rigidbody: {fileID: 3789266895611064023}
  _collider: {fileID: 4255213196439605011}
--- !u!54 &3789266895611064023
Rigidbody:
  m_ObjectHideFlags: 0
  m_CorrespondingSourceObject: {fileID: 0}
  m_PrefabInstance: {fileID: 0}
  m_PrefabAsset: {fileID: 0}
  m_GameObject: {fileID: 4144632184123264542}
  serializedVersion: 2
  m_Mass: 1
  m_Drag: 0
  m_AngularDrag: 0.05
  m_UseGravity: 1
  m_IsKinematic: 1
  m_Interpolate: 0
  m_Constraints: 0
  m_CollisionDetection: 0
--- !u!64 &4255213196439605011
MeshCollider:
  m_ObjectHideFlags: 0
  m_CorrespondingSourceObject: {fileID: 0}
  m_PrefabInstance: {fileID: 0}
  m_PrefabAsset: {fileID: 0}
  m_GameObject: {fileID: 4144632184123264542}
  m_Material: {fileID: 0}
  m_IsTrigger: 0
  m_Enabled: 0
  serializedVersion: 4
  m_Convex: 1
  m_CookingOptions: 30
  m_Mesh: {fileID: 641007024067362419, guid: 276566e0202695e4998280364a5d7592, type: 3}
--- !u!54 &7833126915247078906
Rigidbody:
  m_ObjectHideFlags: 0
  m_CorrespondingSourceObject: {fileID: 0}
  m_PrefabInstance: {fileID: 0}
  m_PrefabAsset: {fileID: 0}
  m_GameObject: {fileID: 8479773072951212643}
  serializedVersion: 2
  m_Mass: 1
  m_Drag: 0
  m_AngularDrag: 0.05
  m_UseGravity: 1
  m_IsKinematic: 1
  m_Interpolate: 0
  m_Constraints: 0
  m_CollisionDetection: 0
--- !u!65 &2913341391865882694
BoxCollider:
  m_ObjectHideFlags: 0
  m_CorrespondingSourceObject: {fileID: 0}
  m_PrefabInstance: {fileID: 0}
  m_PrefabAsset: {fileID: 0}
  m_GameObject: {fileID: 8479773072951212643}
  m_Material: {fileID: 0}
  m_IsTrigger: 0
  m_Enabled: 0
  serializedVersion: 2
  m_Size: {x: 0.0059999973, y: 0.030000001, z: 0.005908847}
  m_Center: {x: 0, y: 0, z: 0}
--- !u!114 &4124869458817185179
MonoBehaviour:
  m_ObjectHideFlags: 0
  m_CorrespondingSourceObject: {fileID: 0}
  m_PrefabInstance: {fileID: 0}
  m_PrefabAsset: {fileID: 0}
  m_GameObject: {fileID: 1331412868499206391}
  m_Enabled: 1
  m_EditorHideFlags: 0
  m_Script: {fileID: 11500000, guid: 6e0ebd2ebb607dd49a3b18242be85354, type: 3}
  m_Name: 
  m_EditorClassIdentifier: 
  _rigidbody: {fileID: 5708173561361914276}
  _collider: {fileID: 3162404645075303823}
--- !u!54 &5708173561361914276
Rigidbody:
  m_ObjectHideFlags: 0
  m_CorrespondingSourceObject: {fileID: 0}
  m_PrefabInstance: {fileID: 0}
  m_PrefabAsset: {fileID: 0}
  m_GameObject: {fileID: 1331412868499206391}
  serializedVersion: 2
  m_Mass: 1
  m_Drag: 0
  m_AngularDrag: 0.05
  m_UseGravity: 1
  m_IsKinematic: 1
  m_Interpolate: 0
  m_Constraints: 0
  m_CollisionDetection: 0
--- !u!64 &3162404645075303823
MeshCollider:
  m_ObjectHideFlags: 0
  m_CorrespondingSourceObject: {fileID: 0}
  m_PrefabInstance: {fileID: 0}
  m_PrefabAsset: {fileID: 0}
  m_GameObject: {fileID: 1331412868499206391}
  m_Material: {fileID: 0}
  m_IsTrigger: 0
  m_Enabled: 0
  serializedVersion: 4
  m_Convex: 1
  m_CookingOptions: 30
  m_Mesh: {fileID: 3078827097419498629, guid: 276566e0202695e4998280364a5d7592, type: 3}
--- !u!54 &8253522834993716550
Rigidbody:
  m_ObjectHideFlags: 0
  m_CorrespondingSourceObject: {fileID: 0}
  m_PrefabInstance: {fileID: 0}
  m_PrefabAsset: {fileID: 0}
  m_GameObject: {fileID: 4851828442507425323}
  serializedVersion: 2
  m_Mass: 1
  m_Drag: 0
  m_AngularDrag: 0.05
  m_UseGravity: 1
  m_IsKinematic: 1
  m_Interpolate: 0
  m_Constraints: 0
  m_CollisionDetection: 0
--- !u!65 &2756828152599435163
BoxCollider:
  m_ObjectHideFlags: 0
  m_CorrespondingSourceObject: {fileID: 0}
  m_PrefabInstance: {fileID: 0}
  m_PrefabAsset: {fileID: 0}
  m_GameObject: {fileID: 4851828442507425323}
  m_Material: {fileID: 0}
  m_IsTrigger: 0
  m_Enabled: 0
  serializedVersion: 2
  m_Size: {x: 0.0059771687, y: 0.030000001, z: 0.005977168}
  m_Center: {x: 0, y: 0, z: 2.3283064e-10}
--- !u!114 &1724269703975826367
MonoBehaviour:
  m_ObjectHideFlags: 0
  m_CorrespondingSourceObject: {fileID: 0}
  m_PrefabInstance: {fileID: 0}
  m_PrefabAsset: {fileID: 0}
  m_GameObject: {fileID: 2634892485902229998}
  m_Enabled: 1
  m_EditorHideFlags: 0
  m_Script: {fileID: 11500000, guid: 6e0ebd2ebb607dd49a3b18242be85354, type: 3}
  m_Name: 
  m_EditorClassIdentifier: 
  _rigidbody: {fileID: 3873946258650909748}
  _collider: {fileID: 1797660524701083027}
--- !u!54 &3873946258650909748
Rigidbody:
  m_ObjectHideFlags: 0
  m_CorrespondingSourceObject: {fileID: 0}
  m_PrefabInstance: {fileID: 0}
  m_PrefabAsset: {fileID: 0}
  m_GameObject: {fileID: 2634892485902229998}
  serializedVersion: 2
  m_Mass: 1
  m_Drag: 0
  m_AngularDrag: 0.05
  m_UseGravity: 1
  m_IsKinematic: 1
  m_Interpolate: 0
  m_Constraints: 0
  m_CollisionDetection: 0
--- !u!64 &1797660524701083027
MeshCollider:
  m_ObjectHideFlags: 0
  m_CorrespondingSourceObject: {fileID: 0}
  m_PrefabInstance: {fileID: 0}
  m_PrefabAsset: {fileID: 0}
  m_GameObject: {fileID: 2634892485902229998}
  m_Material: {fileID: 0}
  m_IsTrigger: 0
  m_Enabled: 0
  serializedVersion: 4
  m_Convex: 1
  m_CookingOptions: 30
  m_Mesh: {fileID: 2485055055402237132, guid: 276566e0202695e4998280364a5d7592, type: 3}
--- !u!114 &2616256030302245038
MonoBehaviour:
  m_ObjectHideFlags: 0
  m_CorrespondingSourceObject: {fileID: 0}
  m_PrefabInstance: {fileID: 0}
  m_PrefabAsset: {fileID: 0}
  m_GameObject: {fileID: 2591383002687037144}
  m_Enabled: 1
  m_EditorHideFlags: 0
  m_Script: {fileID: 11500000, guid: 6e0ebd2ebb607dd49a3b18242be85354, type: 3}
  m_Name: 
  m_EditorClassIdentifier: 
  _rigidbody: {fileID: 8343097225643454766}
  _collider: {fileID: 5723368446094783204}
--- !u!54 &8343097225643454766
Rigidbody:
  m_ObjectHideFlags: 0
  m_CorrespondingSourceObject: {fileID: 0}
  m_PrefabInstance: {fileID: 0}
  m_PrefabAsset: {fileID: 0}
  m_GameObject: {fileID: 2591383002687037144}
  serializedVersion: 2
  m_Mass: 1
  m_Drag: 0
  m_AngularDrag: 0.05
  m_UseGravity: 1
  m_IsKinematic: 1
  m_Interpolate: 0
  m_Constraints: 0
  m_CollisionDetection: 0
--- !u!64 &5723368446094783204
MeshCollider:
  m_ObjectHideFlags: 0
  m_CorrespondingSourceObject: {fileID: 0}
  m_PrefabInstance: {fileID: 0}
  m_PrefabAsset: {fileID: 0}
  m_GameObject: {fileID: 2591383002687037144}
  m_Material: {fileID: 0}
  m_IsTrigger: 0
  m_Enabled: 0
  serializedVersion: 4
  m_Convex: 1
  m_CookingOptions: 30
  m_Mesh: {fileID: -8697874700199278360, guid: 276566e0202695e4998280364a5d7592, type: 3}
--- !u!54 &1928385830827756997
Rigidbody:
  m_ObjectHideFlags: 0
  m_CorrespondingSourceObject: {fileID: 0}
  m_PrefabInstance: {fileID: 0}
  m_PrefabAsset: {fileID: 0}
  m_GameObject: {fileID: 7133568143621097388}
  serializedVersion: 2
  m_Mass: 1
  m_Drag: 0
  m_AngularDrag: 0.05
  m_UseGravity: 1
  m_IsKinematic: 1
  m_Interpolate: 0
  m_Constraints: 0
  m_CollisionDetection: 0
--- !u!65 &1207326763614955045
BoxCollider:
  m_ObjectHideFlags: 0
  m_CorrespondingSourceObject: {fileID: 0}
  m_PrefabInstance: {fileID: 0}
  m_PrefabAsset: {fileID: 0}
  m_GameObject: {fileID: 7133568143621097388}
  m_Material: {fileID: 0}
  m_IsTrigger: 0
  m_Enabled: 0
  serializedVersion: 2
  m_Size: {x: 0.0059999973, y: 0.030000001, z: 0.005908847}
  m_Center: {x: 0, y: -4.6564708e-10, z: 1.1641532e-10}
--- !u!114 &8922544716440901951
MonoBehaviour:
  m_ObjectHideFlags: 0
  m_CorrespondingSourceObject: {fileID: 0}
  m_PrefabInstance: {fileID: 0}
  m_PrefabAsset: {fileID: 0}
  m_GameObject: {fileID: 5967265469615075473}
  m_Enabled: 1
  m_EditorHideFlags: 0
  m_Script: {fileID: 11500000, guid: 6e0ebd2ebb607dd49a3b18242be85354, type: 3}
  m_Name: 
  m_EditorClassIdentifier: 
  _rigidbody: {fileID: 4714714769872545884}
  _collider: {fileID: 7008239972923940457}
--- !u!54 &4714714769872545884
Rigidbody:
  m_ObjectHideFlags: 0
  m_CorrespondingSourceObject: {fileID: 0}
  m_PrefabInstance: {fileID: 0}
  m_PrefabAsset: {fileID: 0}
  m_GameObject: {fileID: 5967265469615075473}
  serializedVersion: 2
  m_Mass: 1
  m_Drag: 0
  m_AngularDrag: 0.05
  m_UseGravity: 1
  m_IsKinematic: 1
  m_Interpolate: 0
  m_Constraints: 0
  m_CollisionDetection: 0
--- !u!64 &7008239972923940457
MeshCollider:
  m_ObjectHideFlags: 0
  m_CorrespondingSourceObject: {fileID: 0}
  m_PrefabInstance: {fileID: 0}
  m_PrefabAsset: {fileID: 0}
  m_GameObject: {fileID: 5967265469615075473}
  m_Material: {fileID: 0}
  m_IsTrigger: 0
  m_Enabled: 0
  serializedVersion: 4
  m_Convex: 1
  m_CookingOptions: 30
  m_Mesh: {fileID: -1573522490378117137, guid: 276566e0202695e4998280364a5d7592, type: 3}
--- !u!114 &8632538954552618588
MonoBehaviour:
  m_ObjectHideFlags: 0
  m_CorrespondingSourceObject: {fileID: 0}
  m_PrefabInstance: {fileID: 0}
  m_PrefabAsset: {fileID: 0}
  m_GameObject: {fileID: 5469875219618014390}
  m_Enabled: 1
  m_EditorHideFlags: 0
  m_Script: {fileID: 11500000, guid: 6e0ebd2ebb607dd49a3b18242be85354, type: 3}
  m_Name: 
  m_EditorClassIdentifier: 
  _rigidbody: {fileID: 6110677725724475810}
  _collider: {fileID: 1903958302644554914}
--- !u!54 &6110677725724475810
Rigidbody:
  m_ObjectHideFlags: 0
  m_CorrespondingSourceObject: {fileID: 0}
  m_PrefabInstance: {fileID: 0}
  m_PrefabAsset: {fileID: 0}
  m_GameObject: {fileID: 5469875219618014390}
  serializedVersion: 2
  m_Mass: 1
  m_Drag: 0
  m_AngularDrag: 0.05
  m_UseGravity: 1
  m_IsKinematic: 1
  m_Interpolate: 0
  m_Constraints: 0
  m_CollisionDetection: 0
--- !u!64 &1903958302644554914
MeshCollider:
  m_ObjectHideFlags: 0
  m_CorrespondingSourceObject: {fileID: 0}
  m_PrefabInstance: {fileID: 0}
  m_PrefabAsset: {fileID: 0}
  m_GameObject: {fileID: 5469875219618014390}
  m_Material: {fileID: 0}
  m_IsTrigger: 0
  m_Enabled: 0
  serializedVersion: 4
  m_Convex: 1
  m_CookingOptions: 30
  m_Mesh: {fileID: -8449661927483792125, guid: 276566e0202695e4998280364a5d7592, type: 3}
--- !u!114 &2833529368624372907
MonoBehaviour:
  m_ObjectHideFlags: 0
  m_CorrespondingSourceObject: {fileID: 0}
  m_PrefabInstance: {fileID: 0}
  m_PrefabAsset: {fileID: 0}
  m_GameObject: {fileID: 5167412800954097841}
  m_Enabled: 1
  m_EditorHideFlags: 0
  m_Script: {fileID: 11500000, guid: 6e0ebd2ebb607dd49a3b18242be85354, type: 3}
  m_Name: 
  m_EditorClassIdentifier: 
  _rigidbody: {fileID: 5644705943504944786}
  _collider: {fileID: 2484357809725308387}
--- !u!54 &5644705943504944786
Rigidbody:
  m_ObjectHideFlags: 0
  m_CorrespondingSourceObject: {fileID: 0}
  m_PrefabInstance: {fileID: 0}
  m_PrefabAsset: {fileID: 0}
  m_GameObject: {fileID: 5167412800954097841}
  serializedVersion: 2
  m_Mass: 1
  m_Drag: 0
  m_AngularDrag: 0.05
  m_UseGravity: 1
  m_IsKinematic: 1
  m_Interpolate: 0
  m_Constraints: 0
  m_CollisionDetection: 0
--- !u!64 &2484357809725308387
MeshCollider:
  m_ObjectHideFlags: 0
  m_CorrespondingSourceObject: {fileID: 0}
  m_PrefabInstance: {fileID: 0}
  m_PrefabAsset: {fileID: 0}
  m_GameObject: {fileID: 5167412800954097841}
  m_Material: {fileID: 0}
  m_IsTrigger: 0
  m_Enabled: 0
  serializedVersion: 4
  m_Convex: 1
  m_CookingOptions: 30
  m_Mesh: {fileID: -2001661106056951025, guid: 276566e0202695e4998280364a5d7592, type: 3}
--- !u!54 &1818803369290173660
Rigidbody:
  m_ObjectHideFlags: 0
  m_CorrespondingSourceObject: {fileID: 0}
  m_PrefabInstance: {fileID: 0}
  m_PrefabAsset: {fileID: 0}
  m_GameObject: {fileID: 6737563260175540221}
  serializedVersion: 2
  m_Mass: 1
  m_Drag: 0
  m_AngularDrag: 0.05
  m_UseGravity: 1
  m_IsKinematic: 1
  m_Interpolate: 0
  m_Constraints: 0
  m_CollisionDetection: 0
--- !u!65 &6154431036645395136
BoxCollider:
  m_ObjectHideFlags: 0
  m_CorrespondingSourceObject: {fileID: 0}
  m_PrefabInstance: {fileID: 0}
  m_PrefabAsset: {fileID: 0}
  m_GameObject: {fileID: 6737563260175540221}
  m_Material: {fileID: 0}
  m_IsTrigger: 0
  m_Enabled: 0
  serializedVersion: 2
  m_Size: {x: 0.006, y: 0.030000001, z: 0.0059088473}
  m_Center: {x: 0, y: 4.656613e-10, z: -2.3283064e-10}
--- !u!114 &7037558261916186870
MonoBehaviour:
  m_ObjectHideFlags: 0
  m_CorrespondingSourceObject: {fileID: 0}
  m_PrefabInstance: {fileID: 0}
  m_PrefabAsset: {fileID: 0}
  m_GameObject: {fileID: 6254979363986594306}
  m_Enabled: 1
  m_EditorHideFlags: 0
  m_Script: {fileID: 11500000, guid: 6e0ebd2ebb607dd49a3b18242be85354, type: 3}
  m_Name: 
  m_EditorClassIdentifier: 
  _rigidbody: {fileID: 5595879626553583840}
  _collider: {fileID: 8098968241719062726}
--- !u!54 &5595879626553583840
Rigidbody:
  m_ObjectHideFlags: 0
  m_CorrespondingSourceObject: {fileID: 0}
  m_PrefabInstance: {fileID: 0}
  m_PrefabAsset: {fileID: 0}
  m_GameObject: {fileID: 6254979363986594306}
  serializedVersion: 2
  m_Mass: 1
  m_Drag: 0
  m_AngularDrag: 0.05
  m_UseGravity: 1
  m_IsKinematic: 1
  m_Interpolate: 0
  m_Constraints: 0
  m_CollisionDetection: 0
--- !u!64 &8098968241719062726
MeshCollider:
  m_ObjectHideFlags: 0
  m_CorrespondingSourceObject: {fileID: 0}
  m_PrefabInstance: {fileID: 0}
  m_PrefabAsset: {fileID: 0}
  m_GameObject: {fileID: 6254979363986594306}
  m_Material: {fileID: 0}
  m_IsTrigger: 0
  m_Enabled: 0
  serializedVersion: 4
  m_Convex: 1
  m_CookingOptions: 30
  m_Mesh: {fileID: 1280563676626699968, guid: 276566e0202695e4998280364a5d7592, type: 3}
--- !u!114 &3423312642553853133
MonoBehaviour:
  m_ObjectHideFlags: 0
  m_CorrespondingSourceObject: {fileID: 0}
  m_PrefabInstance: {fileID: 0}
  m_PrefabAsset: {fileID: 0}
  m_GameObject: {fileID: 4916576058330508549}
  m_Enabled: 1
  m_EditorHideFlags: 0
  m_Script: {fileID: 11500000, guid: 6e0ebd2ebb607dd49a3b18242be85354, type: 3}
  m_Name: 
  m_EditorClassIdentifier: 
  _rigidbody: {fileID: 2611167877837126808}
  _collider: {fileID: 1205885415040992355}
--- !u!54 &2611167877837126808
Rigidbody:
  m_ObjectHideFlags: 0
  m_CorrespondingSourceObject: {fileID: 0}
  m_PrefabInstance: {fileID: 0}
  m_PrefabAsset: {fileID: 0}
  m_GameObject: {fileID: 4916576058330508549}
  serializedVersion: 2
  m_Mass: 1
  m_Drag: 0
  m_AngularDrag: 0.05
  m_UseGravity: 1
  m_IsKinematic: 1
  m_Interpolate: 0
  m_Constraints: 0
  m_CollisionDetection: 0
--- !u!64 &1205885415040992355
MeshCollider:
  m_ObjectHideFlags: 0
  m_CorrespondingSourceObject: {fileID: 0}
  m_PrefabInstance: {fileID: 0}
  m_PrefabAsset: {fileID: 0}
  m_GameObject: {fileID: 4916576058330508549}
  m_Material: {fileID: 0}
  m_IsTrigger: 0
  m_Enabled: 0
  serializedVersion: 4
  m_Convex: 1
  m_CookingOptions: 30
  m_Mesh: {fileID: -5414664527281656146, guid: 276566e0202695e4998280364a5d7592, type: 3}
--- !u!114 &1941150548300162393
MonoBehaviour:
  m_ObjectHideFlags: 0
  m_CorrespondingSourceObject: {fileID: 0}
  m_PrefabInstance: {fileID: 0}
  m_PrefabAsset: {fileID: 0}
  m_GameObject: {fileID: 953339606382446378}
  m_Enabled: 1
  m_EditorHideFlags: 0
  m_Script: {fileID: 11500000, guid: 6e0ebd2ebb607dd49a3b18242be85354, type: 3}
  m_Name: 
  m_EditorClassIdentifier: 
  _rigidbody: {fileID: 7449687024832032434}
  _collider: {fileID: 1894411865273476400}
--- !u!54 &7449687024832032434
Rigidbody:
  m_ObjectHideFlags: 0
  m_CorrespondingSourceObject: {fileID: 0}
  m_PrefabInstance: {fileID: 0}
  m_PrefabAsset: {fileID: 0}
  m_GameObject: {fileID: 953339606382446378}
  serializedVersion: 2
  m_Mass: 1
  m_Drag: 0
  m_AngularDrag: 0.05
  m_UseGravity: 1
  m_IsKinematic: 1
  m_Interpolate: 0
  m_Constraints: 0
  m_CollisionDetection: 0
--- !u!64 &1894411865273476400
MeshCollider:
  m_ObjectHideFlags: 0
  m_CorrespondingSourceObject: {fileID: 0}
  m_PrefabInstance: {fileID: 0}
  m_PrefabAsset: {fileID: 0}
  m_GameObject: {fileID: 953339606382446378}
  m_Material: {fileID: 0}
  m_IsTrigger: 0
  m_Enabled: 0
  serializedVersion: 4
  m_Convex: 1
  m_CookingOptions: 30
  m_Mesh: {fileID: 1426215919826300801, guid: 276566e0202695e4998280364a5d7592, type: 3}
--- !u!114 &2066905657167193127
MonoBehaviour:
  m_ObjectHideFlags: 0
  m_CorrespondingSourceObject: {fileID: 0}
  m_PrefabInstance: {fileID: 0}
  m_PrefabAsset: {fileID: 0}
  m_GameObject: {fileID: 1770481049720313337}
  m_Enabled: 1
  m_EditorHideFlags: 0
  m_Script: {fileID: 11500000, guid: 6e0ebd2ebb607dd49a3b18242be85354, type: 3}
  m_Name: 
  m_EditorClassIdentifier: 
  _rigidbody: {fileID: 5718506623597173511}
  _collider: {fileID: 940402887572940267}
--- !u!54 &5718506623597173511
Rigidbody:
  m_ObjectHideFlags: 0
  m_CorrespondingSourceObject: {fileID: 0}
  m_PrefabInstance: {fileID: 0}
  m_PrefabAsset: {fileID: 0}
  m_GameObject: {fileID: 1770481049720313337}
  serializedVersion: 2
  m_Mass: 1
  m_Drag: 0
  m_AngularDrag: 0.05
  m_UseGravity: 1
  m_IsKinematic: 1
  m_Interpolate: 0
  m_Constraints: 0
  m_CollisionDetection: 0
--- !u!64 &940402887572940267
MeshCollider:
  m_ObjectHideFlags: 0
  m_CorrespondingSourceObject: {fileID: 0}
  m_PrefabInstance: {fileID: 0}
  m_PrefabAsset: {fileID: 0}
  m_GameObject: {fileID: 1770481049720313337}
  m_Material: {fileID: 0}
  m_IsTrigger: 0
  m_Enabled: 0
  serializedVersion: 4
  m_Convex: 1
  m_CookingOptions: 30
  m_Mesh: {fileID: 1430161654446643421, guid: 276566e0202695e4998280364a5d7592, type: 3}
--- !u!114 &3873216746313345472
MonoBehaviour:
  m_ObjectHideFlags: 0
  m_CorrespondingSourceObject: {fileID: 0}
  m_PrefabInstance: {fileID: 0}
  m_PrefabAsset: {fileID: 0}
  m_GameObject: {fileID: 8804600650757263516}
  m_Enabled: 1
  m_EditorHideFlags: 0
  m_Script: {fileID: 11500000, guid: 6e0ebd2ebb607dd49a3b18242be85354, type: 3}
  m_Name: 
  m_EditorClassIdentifier: 
  _rigidbody: {fileID: 7215976071010896723}
  _collider: {fileID: 204055389862513976}
--- !u!54 &7215976071010896723
Rigidbody:
  m_ObjectHideFlags: 0
  m_CorrespondingSourceObject: {fileID: 0}
  m_PrefabInstance: {fileID: 0}
  m_PrefabAsset: {fileID: 0}
  m_GameObject: {fileID: 8804600650757263516}
  serializedVersion: 2
  m_Mass: 1
  m_Drag: 0
  m_AngularDrag: 0.05
  m_UseGravity: 1
  m_IsKinematic: 1
  m_Interpolate: 0
  m_Constraints: 0
  m_CollisionDetection: 0
--- !u!64 &204055389862513976
MeshCollider:
  m_ObjectHideFlags: 0
  m_CorrespondingSourceObject: {fileID: 0}
  m_PrefabInstance: {fileID: 0}
  m_PrefabAsset: {fileID: 0}
  m_GameObject: {fileID: 8804600650757263516}
  m_Material: {fileID: 0}
  m_IsTrigger: 0
  m_Enabled: 0
  serializedVersion: 4
  m_Convex: 1
  m_CookingOptions: 30
  m_Mesh: {fileID: -2760687865773474175, guid: 276566e0202695e4998280364a5d7592, type: 3}
--- !u!114 &414424717209505453
MonoBehaviour:
  m_ObjectHideFlags: 0
  m_CorrespondingSourceObject: {fileID: 0}
  m_PrefabInstance: {fileID: 0}
  m_PrefabAsset: {fileID: 0}
  m_GameObject: {fileID: 8787775434774569133}
  m_Enabled: 1
  m_EditorHideFlags: 0
  m_Script: {fileID: 11500000, guid: 6e0ebd2ebb607dd49a3b18242be85354, type: 3}
  m_Name: 
  m_EditorClassIdentifier: 
  _rigidbody: {fileID: 180706526279457093}
  _collider: {fileID: 6058703528035923339}
--- !u!54 &180706526279457093
Rigidbody:
  m_ObjectHideFlags: 0
  m_CorrespondingSourceObject: {fileID: 0}
  m_PrefabInstance: {fileID: 0}
  m_PrefabAsset: {fileID: 0}
  m_GameObject: {fileID: 8787775434774569133}
  serializedVersion: 2
  m_Mass: 1
  m_Drag: 0
  m_AngularDrag: 0.05
  m_UseGravity: 1
  m_IsKinematic: 1
  m_Interpolate: 0
  m_Constraints: 0
  m_CollisionDetection: 0
--- !u!64 &6058703528035923339
MeshCollider:
  m_ObjectHideFlags: 0
  m_CorrespondingSourceObject: {fileID: 0}
  m_PrefabInstance: {fileID: 0}
  m_PrefabAsset: {fileID: 0}
  m_GameObject: {fileID: 8787775434774569133}
  m_Material: {fileID: 0}
  m_IsTrigger: 0
  m_Enabled: 0
  serializedVersion: 4
  m_Convex: 1
  m_CookingOptions: 30
  m_Mesh: {fileID: -3177029609729214264, guid: 276566e0202695e4998280364a5d7592, type: 3}
--- !u!114 &3354393008139532110
MonoBehaviour:
  m_ObjectHideFlags: 0
  m_CorrespondingSourceObject: {fileID: 0}
  m_PrefabInstance: {fileID: 0}
  m_PrefabAsset: {fileID: 0}
  m_GameObject: {fileID: 4028072168597643207}
  m_Enabled: 1
  m_EditorHideFlags: 0
  m_Script: {fileID: 11500000, guid: 0c3ea44eef20b0b4396ebe666c9a6eeb, type: 3}
  m_Name: 
  m_EditorClassIdentifier: 
  customRenderer: {fileID: 0}
  textureResolution: 4
  extendsIslandOffset: 0.15
--- !u!64 &6189520030354579574
MeshCollider:
  m_ObjectHideFlags: 0
  m_CorrespondingSourceObject: {fileID: 0}
  m_PrefabInstance: {fileID: 0}
  m_PrefabAsset: {fileID: 0}
  m_GameObject: {fileID: 7514015992001091660}
  m_Material: {fileID: 0}
  m_IsTrigger: 0
  m_Enabled: 1
  serializedVersion: 4
  m_Convex: 0
  m_CookingOptions: 30
  m_Mesh: {fileID: -4331657275338700086, guid: 276566e0202695e4998280364a5d7592, type: 3}
--- !u!64 &6065294100459639445
MeshCollider:
  m_ObjectHideFlags: 0
  m_CorrespondingSourceObject: {fileID: 0}
  m_PrefabInstance: {fileID: 0}
  m_PrefabAsset: {fileID: 0}
  m_GameObject: {fileID: 1536476118927266728}
  m_Material: {fileID: 0}
  m_IsTrigger: 0
  m_Enabled: 1
  serializedVersion: 4
  m_Convex: 0
  m_CookingOptions: 30
  m_Mesh: {fileID: -1483768296430770542, guid: 276566e0202695e4998280364a5d7592, type: 3}
--- !u!1001 &30721018687228513
PrefabInstance:
  m_ObjectHideFlags: 0
  serializedVersion: 2
  m_Modification:
    m_TransformParent: {fileID: 1599262472843426153}
    m_Modifications:
    - target: {fileID: 1041169334180894229, guid: 625bc8e2020555c45bca1019699d0569, type: 3}
      propertyPath: m_Name
      value: 0
      objectReference: {fileID: 0}
    - target: {fileID: 4322275452205688778, guid: 625bc8e2020555c45bca1019699d0569, type: 3}
      propertyPath: m_RootOrder
      value: 0
      objectReference: {fileID: 0}
    - target: {fileID: 4322275452205688778, guid: 625bc8e2020555c45bca1019699d0569, type: 3}
      propertyPath: m_LocalPosition.x
      value: 0.05086022
      objectReference: {fileID: 0}
    - target: {fileID: 4322275452205688778, guid: 625bc8e2020555c45bca1019699d0569, type: 3}
      propertyPath: m_LocalPosition.y
      value: 0.00000023515895
      objectReference: {fileID: 0}
    - target: {fileID: 4322275452205688778, guid: 625bc8e2020555c45bca1019699d0569, type: 3}
      propertyPath: m_LocalPosition.z
      value: 0.01634396
      objectReference: {fileID: 0}
    - target: {fileID: 4322275452205688778, guid: 625bc8e2020555c45bca1019699d0569, type: 3}
      propertyPath: m_LocalRotation.w
      value: 1
      objectReference: {fileID: 0}
    - target: {fileID: 4322275452205688778, guid: 625bc8e2020555c45bca1019699d0569, type: 3}
      propertyPath: m_LocalRotation.x
      value: 0.000000021855694
      objectReference: {fileID: 0}
    - target: {fileID: 4322275452205688778, guid: 625bc8e2020555c45bca1019699d0569, type: 3}
      propertyPath: m_LocalRotation.y
      value: -0
      objectReference: {fileID: 0}
    - target: {fileID: 4322275452205688778, guid: 625bc8e2020555c45bca1019699d0569, type: 3}
      propertyPath: m_LocalRotation.z
      value: -0
      objectReference: {fileID: 0}
    - target: {fileID: 4322275452205688778, guid: 625bc8e2020555c45bca1019699d0569, type: 3}
      propertyPath: m_LocalEulerAnglesHint.x
      value: 0
      objectReference: {fileID: 0}
    - target: {fileID: 4322275452205688778, guid: 625bc8e2020555c45bca1019699d0569, type: 3}
      propertyPath: m_LocalEulerAnglesHint.y
      value: 0
      objectReference: {fileID: 0}
    - target: {fileID: 4322275452205688778, guid: 625bc8e2020555c45bca1019699d0569, type: 3}
      propertyPath: m_LocalEulerAnglesHint.z
      value: 0
      objectReference: {fileID: 0}
    m_RemovedComponents: []
  m_SourcePrefab: {fileID: 100100000, guid: 625bc8e2020555c45bca1019699d0569, type: 3}
--- !u!4 &4293876602407873963 stripped
Transform:
  m_CorrespondingSourceObject: {fileID: 4322275452205688778, guid: 625bc8e2020555c45bca1019699d0569, type: 3}
  m_PrefabInstance: {fileID: 30721018687228513}
  m_PrefabAsset: {fileID: 0}
--- !u!1001 &159156236755389322
PrefabInstance:
  m_ObjectHideFlags: 0
  serializedVersion: 2
  m_Modification:
    m_TransformParent: {fileID: 1599262472843426153}
    m_Modifications:
    - target: {fileID: 1041169334180894229, guid: 625bc8e2020555c45bca1019699d0569, type: 3}
      propertyPath: m_Name
      value: 1
      objectReference: {fileID: 0}
    - target: {fileID: 4322275452205688778, guid: 625bc8e2020555c45bca1019699d0569, type: 3}
      propertyPath: m_RootOrder
      value: 1
      objectReference: {fileID: 0}
    - target: {fileID: 4322275452205688778, guid: 625bc8e2020555c45bca1019699d0569, type: 3}
      propertyPath: m_LocalPosition.x
      value: -0.08533811
      objectReference: {fileID: 0}
    - target: {fileID: 4322275452205688778, guid: 625bc8e2020555c45bca1019699d0569, type: 3}
      propertyPath: m_LocalPosition.y
      value: 0.00000015228949
      objectReference: {fileID: 0}
    - target: {fileID: 4322275452205688778, guid: 625bc8e2020555c45bca1019699d0569, type: 3}
      propertyPath: m_LocalPosition.z
      value: 0.00091601233
      objectReference: {fileID: 0}
    - target: {fileID: 4322275452205688778, guid: 625bc8e2020555c45bca1019699d0569, type: 3}
      propertyPath: m_LocalRotation.w
      value: 1
      objectReference: {fileID: 0}
    - target: {fileID: 4322275452205688778, guid: 625bc8e2020555c45bca1019699d0569, type: 3}
      propertyPath: m_LocalRotation.x
      value: 0.000000021855694
      objectReference: {fileID: 0}
    - target: {fileID: 4322275452205688778, guid: 625bc8e2020555c45bca1019699d0569, type: 3}
      propertyPath: m_LocalRotation.y
      value: -0
      objectReference: {fileID: 0}
    - target: {fileID: 4322275452205688778, guid: 625bc8e2020555c45bca1019699d0569, type: 3}
      propertyPath: m_LocalRotation.z
      value: -0
      objectReference: {fileID: 0}
    - target: {fileID: 4322275452205688778, guid: 625bc8e2020555c45bca1019699d0569, type: 3}
      propertyPath: m_LocalEulerAnglesHint.x
      value: 0
      objectReference: {fileID: 0}
    - target: {fileID: 4322275452205688778, guid: 625bc8e2020555c45bca1019699d0569, type: 3}
      propertyPath: m_LocalEulerAnglesHint.y
      value: 0
      objectReference: {fileID: 0}
    - target: {fileID: 4322275452205688778, guid: 625bc8e2020555c45bca1019699d0569, type: 3}
      propertyPath: m_LocalEulerAnglesHint.z
      value: 0
      objectReference: {fileID: 0}
    m_RemovedComponents: []
  m_SourcePrefab: {fileID: 100100000, guid: 625bc8e2020555c45bca1019699d0569, type: 3}
--- !u!4 &4165444133106461760 stripped
Transform:
  m_CorrespondingSourceObject: {fileID: 4322275452205688778, guid: 625bc8e2020555c45bca1019699d0569, type: 3}
  m_PrefabInstance: {fileID: 159156236755389322}
  m_PrefabAsset: {fileID: 0}
--- !u!1001 &3033873546614156984
PrefabInstance:
  m_ObjectHideFlags: 0
  serializedVersion: 2
  m_Modification:
    m_TransformParent: {fileID: 1599262472843426153}
    m_Modifications:
    - target: {fileID: 1041169334180894229, guid: 625bc8e2020555c45bca1019699d0569, type: 3}
      propertyPath: m_Name
      value: 3
      objectReference: {fileID: 0}
    - target: {fileID: 4322275452205688778, guid: 625bc8e2020555c45bca1019699d0569, type: 3}
      propertyPath: m_RootOrder
      value: 3
      objectReference: {fileID: 0}
    - target: {fileID: 4322275452205688778, guid: 625bc8e2020555c45bca1019699d0569, type: 3}
      propertyPath: m_LocalPosition.x
      value: -0.052821755
      objectReference: {fileID: 0}
    - target: {fileID: 4322275452205688778, guid: 625bc8e2020555c45bca1019699d0569, type: 3}
      propertyPath: m_LocalPosition.y
      value: 0.00000015227126
      objectReference: {fileID: 0}
    - target: {fileID: 4322275452205688778, guid: 625bc8e2020555c45bca1019699d0569, type: 3}
      propertyPath: m_LocalPosition.z
      value: 0.00095240056
      objectReference: {fileID: 0}
    - target: {fileID: 4322275452205688778, guid: 625bc8e2020555c45bca1019699d0569, type: 3}
      propertyPath: m_LocalRotation.w
      value: 1
      objectReference: {fileID: 0}
    - target: {fileID: 4322275452205688778, guid: 625bc8e2020555c45bca1019699d0569, type: 3}
      propertyPath: m_LocalRotation.x
      value: 0.000000021855694
      objectReference: {fileID: 0}
    - target: {fileID: 4322275452205688778, guid: 625bc8e2020555c45bca1019699d0569, type: 3}
      propertyPath: m_LocalRotation.y
      value: -0
      objectReference: {fileID: 0}
    - target: {fileID: 4322275452205688778, guid: 625bc8e2020555c45bca1019699d0569, type: 3}
      propertyPath: m_LocalRotation.z
      value: -0
      objectReference: {fileID: 0}
    - target: {fileID: 4322275452205688778, guid: 625bc8e2020555c45bca1019699d0569, type: 3}
      propertyPath: m_LocalEulerAnglesHint.x
      value: 0
      objectReference: {fileID: 0}
    - target: {fileID: 4322275452205688778, guid: 625bc8e2020555c45bca1019699d0569, type: 3}
      propertyPath: m_LocalEulerAnglesHint.y
      value: 0
      objectReference: {fileID: 0}
    - target: {fileID: 4322275452205688778, guid: 625bc8e2020555c45bca1019699d0569, type: 3}
      propertyPath: m_LocalEulerAnglesHint.z
      value: 0
      objectReference: {fileID: 0}
    m_RemovedComponents: []
  m_SourcePrefab: {fileID: 100100000, guid: 625bc8e2020555c45bca1019699d0569, type: 3}
--- !u!4 &1288510482679351666 stripped
Transform:
  m_CorrespondingSourceObject: {fileID: 4322275452205688778, guid: 625bc8e2020555c45bca1019699d0569, type: 3}
  m_PrefabInstance: {fileID: 3033873546614156984}
  m_PrefabAsset: {fileID: 0}
--- !u!1001 &3596835510482699482
PrefabInstance:
  m_ObjectHideFlags: 0
  serializedVersion: 2
  m_Modification:
    m_TransformParent: {fileID: 5354887058771995853}
    m_Modifications:
    - target: {fileID: -9106692117956256921, guid: 276566e0202695e4998280364a5d7592, type: 3}
      propertyPath: m_Materials.Array.data[0]
      value: 
      objectReference: {fileID: 2100000, guid: 9c7d87795e1647f4588eeaec887f720c, type: 2}
    - target: {fileID: -8992643462758481652, guid: 276566e0202695e4998280364a5d7592, type: 3}
      propertyPath: m_IsActive
      value: 0
      objectReference: {fileID: 0}
    - target: {fileID: -8939963440104089026, guid: 276566e0202695e4998280364a5d7592, type: 3}
      propertyPath: m_Materials.Array.data[0]
      value: 
      objectReference: {fileID: 2100000, guid: 9c7d87795e1647f4588eeaec887f720c, type: 2}
    - target: {fileID: -8896726899979178573, guid: 276566e0202695e4998280364a5d7592, type: 3}
      propertyPath: m_Materials.Array.data[0]
      value: 
      objectReference: {fileID: 2100000, guid: 9c7d87795e1647f4588eeaec887f720c, type: 2}
    - target: {fileID: -8740914979337464791, guid: 276566e0202695e4998280364a5d7592, type: 3}
      propertyPath: m_Materials.Array.data[0]
      value: 
      objectReference: {fileID: 2100000, guid: 9c7d87795e1647f4588eeaec887f720c, type: 2}
    - target: {fileID: -8679921383154817045, guid: 276566e0202695e4998280364a5d7592, type: 3}
      propertyPath: m_RootOrder
      value: 5
      objectReference: {fileID: 0}
    - target: {fileID: -8679921383154817045, guid: 276566e0202695e4998280364a5d7592, type: 3}
      propertyPath: m_LocalPosition.x
      value: 0
      objectReference: {fileID: 0}
    - target: {fileID: -8679921383154817045, guid: 276566e0202695e4998280364a5d7592, type: 3}
      propertyPath: m_LocalPosition.y
      value: 0
      objectReference: {fileID: 0}
    - target: {fileID: -8679921383154817045, guid: 276566e0202695e4998280364a5d7592, type: 3}
      propertyPath: m_LocalPosition.z
      value: 0
      objectReference: {fileID: 0}
    - target: {fileID: -8679921383154817045, guid: 276566e0202695e4998280364a5d7592, type: 3}
      propertyPath: m_LocalRotation.w
      value: 1
      objectReference: {fileID: 0}
    - target: {fileID: -8679921383154817045, guid: 276566e0202695e4998280364a5d7592, type: 3}
      propertyPath: m_LocalRotation.x
      value: 0
      objectReference: {fileID: 0}
    - target: {fileID: -8679921383154817045, guid: 276566e0202695e4998280364a5d7592, type: 3}
      propertyPath: m_LocalRotation.y
      value: 0
      objectReference: {fileID: 0}
    - target: {fileID: -8679921383154817045, guid: 276566e0202695e4998280364a5d7592, type: 3}
      propertyPath: m_LocalRotation.z
      value: 0
      objectReference: {fileID: 0}
    - target: {fileID: -8679921383154817045, guid: 276566e0202695e4998280364a5d7592, type: 3}
      propertyPath: m_LocalEulerAnglesHint.x
      value: 0
      objectReference: {fileID: 0}
    - target: {fileID: -8679921383154817045, guid: 276566e0202695e4998280364a5d7592, type: 3}
      propertyPath: m_LocalEulerAnglesHint.y
      value: 0
      objectReference: {fileID: 0}
    - target: {fileID: -8679921383154817045, guid: 276566e0202695e4998280364a5d7592, type: 3}
      propertyPath: m_LocalEulerAnglesHint.z
      value: 0
      objectReference: {fileID: 0}
    - target: {fileID: -8304165988336708371, guid: 276566e0202695e4998280364a5d7592, type: 3}
      propertyPath: m_Materials.Array.data[0]
      value: 
      objectReference: {fileID: 2100000, guid: 9c7d87795e1647f4588eeaec887f720c, type: 2}
    - target: {fileID: -7348826070393677134, guid: 276566e0202695e4998280364a5d7592, type: 3}
      propertyPath: m_Materials.Array.data[0]
      value: 
      objectReference: {fileID: 2100000, guid: 9c7d87795e1647f4588eeaec887f720c, type: 2}
    - target: {fileID: -7288474938346784622, guid: 276566e0202695e4998280364a5d7592, type: 3}
      propertyPath: m_Materials.Array.data[0]
      value: 
      objectReference: {fileID: 2100000, guid: 9c7d87795e1647f4588eeaec887f720c, type: 2}
    - target: {fileID: -6551892025934423554, guid: 276566e0202695e4998280364a5d7592, type: 3}
      propertyPath: m_Materials.Array.data[0]
      value: 
      objectReference: {fileID: 2100000, guid: 9c7d87795e1647f4588eeaec887f720c, type: 2}
    - target: {fileID: -6178014873827384741, guid: 276566e0202695e4998280364a5d7592, type: 3}
      propertyPath: m_Materials.Array.data[0]
      value: 
      objectReference: {fileID: 2100000, guid: 9c7d87795e1647f4588eeaec887f720c, type: 2}
    - target: {fileID: -6040235879812835982, guid: 276566e0202695e4998280364a5d7592, type: 3}
      propertyPath: m_Materials.Array.data[0]
      value: 
      objectReference: {fileID: 2100000, guid: 9c7d87795e1647f4588eeaec887f720c, type: 2}
    - target: {fileID: -5635648308888094064, guid: 276566e0202695e4998280364a5d7592, type: 3}
      propertyPath: m_IsActive
      value: 0
      objectReference: {fileID: 0}
    - target: {fileID: -5138999622386386629, guid: 276566e0202695e4998280364a5d7592, type: 3}
      propertyPath: m_Materials.Array.data[0]
      value: 
      objectReference: {fileID: 2100000, guid: 9c7d87795e1647f4588eeaec887f720c, type: 2}
    - target: {fileID: -2794131837753950803, guid: 276566e0202695e4998280364a5d7592, type: 3}
      propertyPath: m_IsActive
      value: 0
      objectReference: {fileID: 0}
    - target: {fileID: -2761371308733145962, guid: 276566e0202695e4998280364a5d7592, type: 3}
      propertyPath: m_TagString
      value: Paintable
      objectReference: {fileID: 0}
    - target: {fileID: -2580317113794106228, guid: 276566e0202695e4998280364a5d7592, type: 3}
      propertyPath: m_Materials.Array.data[0]
      value: 
      objectReference: {fileID: 2100000, guid: 9c7d87795e1647f4588eeaec887f720c, type: 2}
    - target: {fileID: -1584604217131939050, guid: 276566e0202695e4998280364a5d7592, type: 3}
      propertyPath: m_Materials.Array.data[0]
      value: 
      objectReference: {fileID: 2100000, guid: 9c7d87795e1647f4588eeaec887f720c, type: 2}
    - target: {fileID: -929133430923869075, guid: 276566e0202695e4998280364a5d7592, type: 3}
      propertyPath: m_Materials.Array.data[0]
      value: 
      objectReference: {fileID: 2100000, guid: 9c7d87795e1647f4588eeaec887f720c, type: 2}
    - target: {fileID: -903850517914804006, guid: 276566e0202695e4998280364a5d7592, type: 3}
      propertyPath: m_Materials.Array.data[0]
      value: 
      objectReference: {fileID: 2100000, guid: 9c7d87795e1647f4588eeaec887f720c, type: 2}
    - target: {fileID: -759051106551351196, guid: 276566e0202695e4998280364a5d7592, type: 3}
      propertyPath: m_Materials.Array.data[0]
      value: 
      objectReference: {fileID: 2100000, guid: 9c7d87795e1647f4588eeaec887f720c, type: 2}
    - target: {fileID: -641013110289852861, guid: 276566e0202695e4998280364a5d7592, type: 3}
      propertyPath: m_IsActive
      value: 0
      objectReference: {fileID: 0}
    - target: {fileID: 498168378311967217, guid: 276566e0202695e4998280364a5d7592, type: 3}
      propertyPath: m_Materials.Array.data[0]
      value: 
      objectReference: {fileID: 2100000, guid: 9c7d87795e1647f4588eeaec887f720c, type: 2}
    - target: {fileID: 919132149155446097, guid: 276566e0202695e4998280364a5d7592, type: 3}
      propertyPath: m_Name
      value: View
      objectReference: {fileID: 0}
    - target: {fileID: 2645915585163220850, guid: 276566e0202695e4998280364a5d7592, type: 3}
      propertyPath: m_TagString
      value: Paintable
      objectReference: {fileID: 0}
    - target: {fileID: 2863401228860799273, guid: 276566e0202695e4998280364a5d7592, type: 3}
      propertyPath: m_Materials.Array.data[0]
      value: 
      objectReference: {fileID: 2100000, guid: 9c7d87795e1647f4588eeaec887f720c, type: 2}
    - target: {fileID: 4422263855929999646, guid: 276566e0202695e4998280364a5d7592, type: 3}
      propertyPath: m_Materials.Array.data[0]
      value: 
      objectReference: {fileID: 2100000, guid: 9c7d87795e1647f4588eeaec887f720c, type: 2}
    - target: {fileID: 7136680257301773354, guid: 276566e0202695e4998280364a5d7592, type: 3}
      propertyPath: m_Materials.Array.data[0]
      value: 
      objectReference: {fileID: 2100000, guid: 9c7d87795e1647f4588eeaec887f720c, type: 2}
    - target: {fileID: 8701658356170489806, guid: 276566e0202695e4998280364a5d7592, type: 3}
      propertyPath: m_Materials.Array.data[0]
      value: 
      objectReference: {fileID: 2100000, guid: 9c7d87795e1647f4588eeaec887f720c, type: 2}
    - target: {fileID: 8818876292838880712, guid: 276566e0202695e4998280364a5d7592, type: 3}
      propertyPath: m_Materials.Array.data[0]
      value: 
      objectReference: {fileID: 2100000, guid: 9c7d87795e1647f4588eeaec887f720c, type: 2}
    - target: {fileID: 9145915375881151625, guid: 276566e0202695e4998280364a5d7592, type: 3}
      propertyPath: m_IsActive
      value: 0
      objectReference: {fileID: 0}
    m_RemovedComponents: []
  m_SourcePrefab: {fileID: 100100000, guid: 276566e0202695e4998280364a5d7592, type: 3}
--- !u!1 &7009312028165734528 stripped
GameObject:
  m_CorrespondingSourceObject: {fileID: 5813182778843595866, guid: 276566e0202695e4998280364a5d7592, type: 3}
  m_PrefabInstance: {fileID: 3596835510482699482}
  m_PrefabAsset: {fileID: 0}
--- !u!1 &1331412868499206391 stripped
GameObject:
  m_CorrespondingSourceObject: {fileID: -6660641174768683987, guid: 276566e0202695e4998280364a5d7592, type: 3}
  m_PrefabInstance: {fileID: 3596835510482699482}
  m_PrefabAsset: {fileID: 0}
--- !u!1 &8479773072951212643 stripped
GameObject:
  m_CorrespondingSourceObject: {fileID: 4919252928322666169, guid: 276566e0202695e4998280364a5d7592, type: 3}
  m_PrefabInstance: {fileID: 3596835510482699482}
  m_PrefabAsset: {fileID: 0}
--- !u!1 &953339606382446378 stripped
GameObject:
  m_CorrespondingSourceObject: {fileID: 4382133851240629232, guid: 276566e0202695e4998280364a5d7592, type: 3}
  m_PrefabInstance: {fileID: 3596835510482699482}
  m_PrefabAsset: {fileID: 0}
--- !u!1 &4144632184123264542 stripped
GameObject:
  m_CorrespondingSourceObject: {fileID: -8615887652794365244, guid: 276566e0202695e4998280364a5d7592, type: 3}
  m_PrefabInstance: {fileID: 3596835510482699482}
  m_PrefabAsset: {fileID: 0}
--- !u!4 &4681569445148049412 stripped
Transform:
  m_CorrespondingSourceObject: {fileID: 8147786109532390622, guid: 276566e0202695e4998280364a5d7592, type: 3}
  m_PrefabInstance: {fileID: 3596835510482699482}
  m_PrefabAsset: {fileID: 0}
--- !u!1 &2191935211708068386 stripped
GameObject:
  m_CorrespondingSourceObject: {fileID: -5800117757692168456, guid: 276566e0202695e4998280364a5d7592, type: 3}
  m_PrefabInstance: {fileID: 3596835510482699482}
  m_PrefabAsset: {fileID: 0}
--- !u!1 &1770481049720313337 stripped
GameObject:
  m_CorrespondingSourceObject: {fileID: 2988285641818034467, guid: 276566e0202695e4998280364a5d7592, type: 3}
  m_PrefabInstance: {fileID: 3596835510482699482}
  m_PrefabAsset: {fileID: 0}
--- !u!1 &1536476118927266728 stripped
GameObject:
  m_CorrespondingSourceObject: {fileID: 2645915585163220850, guid: 276566e0202695e4998280364a5d7592, type: 3}
  m_PrefabInstance: {fileID: 3596835510482699482}
  m_PrefabAsset: {fileID: 0}
--- !u!23 &3491416794844569533 stripped
MeshRenderer:
  m_CorrespondingSourceObject: {fileID: -9106692117956256921, guid: 276566e0202695e4998280364a5d7592, type: 3}
  m_PrefabInstance: {fileID: 3596835510482699482}
  m_PrefabAsset: {fileID: 0}
--- !u!1 &7133568143621097388 stripped
GameObject:
  m_CorrespondingSourceObject: {fileID: 5986692075976983414, guid: 276566e0202695e4998280364a5d7592, type: 3}
  m_PrefabInstance: {fileID: 3596835510482699482}
  m_PrefabAsset: {fileID: 0}
--- !u!1 &8804600650757263516 stripped
GameObject:
  m_CorrespondingSourceObject: {fileID: 5465891601167045702, guid: 276566e0202695e4998280364a5d7592, type: 3}
  m_PrefabInstance: {fileID: 3596835510482699482}
  m_PrefabAsset: {fileID: 0}
--- !u!1 &4851828442507425323 stripped
GameObject:
  m_CorrespondingSourceObject: {fileID: -954852644510256399, guid: 276566e0202695e4998280364a5d7592, type: 3}
  m_PrefabInstance: {fileID: 3596835510482699482}
  m_PrefabAsset: {fileID: 0}
--- !u!1 &2634892485902229998 stripped
GameObject:
  m_CorrespondingSourceObject: {fileID: 1547973929918358836, guid: 276566e0202695e4998280364a5d7592, type: 3}
  m_PrefabInstance: {fileID: 3596835510482699482}
  m_PrefabAsset: {fileID: 0}
--- !u!1 &4916576058330508549 stripped
GameObject:
  m_CorrespondingSourceObject: {fileID: -733619209553057313, guid: 276566e0202695e4998280364a5d7592, type: 3}
  m_PrefabInstance: {fileID: 3596835510482699482}
  m_PrefabAsset: {fileID: 0}
--- !u!1 &5167412800954097841 stripped
GameObject:
  m_CorrespondingSourceObject: {fileID: -694451237055503253, guid: 276566e0202695e4998280364a5d7592, type: 3}
  m_PrefabInstance: {fileID: 3596835510482699482}
  m_PrefabAsset: {fileID: 0}
--- !u!1 &6737563260175540221 stripped
GameObject:
  m_CorrespondingSourceObject: {fileID: -1411275119671026905, guid: 276566e0202695e4998280364a5d7592, type: 3}
  m_PrefabInstance: {fileID: 3596835510482699482}
  m_PrefabAsset: {fileID: 0}
--- !u!1 &5469875219618014390 stripped
GameObject:
  m_CorrespondingSourceObject: {fileID: 8791695384035336300, guid: 276566e0202695e4998280364a5d7592, type: 3}
  m_PrefabInstance: {fileID: 3596835510482699482}
  m_PrefabAsset: {fileID: 0}
--- !u!1 &5967265469615075473 stripped
GameObject:
  m_CorrespondingSourceObject: {fileID: -2079120949348043701, guid: 276566e0202695e4998280364a5d7592, type: 3}
  m_PrefabInstance: {fileID: 3596835510482699482}
  m_PrefabAsset: {fileID: 0}
--- !u!4 &9215303814645359661 stripped
Transform:
  m_CorrespondingSourceObject: {fileID: 5623257785562570999, guid: 276566e0202695e4998280364a5d7592, type: 3}
  m_PrefabInstance: {fileID: 3596835510482699482}
  m_PrefabAsset: {fileID: 0}
--- !u!1 &4028072168597643207 stripped
GameObject:
  m_CorrespondingSourceObject: {fileID: -8787630507632141539, guid: 276566e0202695e4998280364a5d7592, type: 3}
  m_PrefabInstance: {fileID: 3596835510482699482}
  m_PrefabAsset: {fileID: 0}
--- !u!1 &8787775434774569133 stripped
GameObject:
  m_CorrespondingSourceObject: {fileID: -4026510649597008777, guid: 276566e0202695e4998280364a5d7592, type: 3}
  m_PrefabInstance: {fileID: 3596835510482699482}
  m_PrefabAsset: {fileID: 0}
--- !u!1 &6254979363986594306 stripped
GameObject:
  m_CorrespondingSourceObject: {fileID: 7432241483383889624, guid: 276566e0202695e4998280364a5d7592, type: 3}
  m_PrefabInstance: {fileID: 3596835510482699482}
  m_PrefabAsset: {fileID: 0}
--- !u!1 &7514015992001091660 stripped
GameObject:
  m_CorrespondingSourceObject: {fileID: -2761371308733145962, guid: 276566e0202695e4998280364a5d7592, type: 3}
  m_PrefabInstance: {fileID: 3596835510482699482}
  m_PrefabAsset: {fileID: 0}
--- !u!23 &6622785192750141388 stripped
MeshRenderer:
  m_CorrespondingSourceObject: {fileID: -1584604217131939050, guid: 276566e0202695e4998280364a5d7592, type: 3}
  m_PrefabInstance: {fileID: 3596835510482699482}
  m_PrefabAsset: {fileID: 0}
--- !u!1 &2591383002687037144 stripped
GameObject:
  m_CorrespondingSourceObject: {fileID: -7918181591460849150, guid: 276566e0202695e4998280364a5d7592, type: 3}
  m_PrefabInstance: {fileID: 3596835510482699482}
  m_PrefabAsset: {fileID: 0}
--- !u!1001 &3607343007284666003
PrefabInstance:
  m_ObjectHideFlags: 0
  serializedVersion: 2
  m_Modification:
    m_TransformParent: {fileID: 8524854254295327258}
    m_Modifications:
    - target: {fileID: 299579926811496707, guid: a60dad920f973ef47a56a55ab7a4c5eb, type: 3}
      propertyPath: m_Name
      value: DrillZone2
      objectReference: {fileID: 0}
    - target: {fileID: 5546204518371930970, guid: a60dad920f973ef47a56a55ab7a4c5eb, type: 3}
      propertyPath: _target
      value: 
      objectReference: {fileID: 4851828442507425323}
    - target: {fileID: 5616278134645749563, guid: a60dad920f973ef47a56a55ab7a4c5eb, type: 3}
      propertyPath: m_RootOrder
      value: 2
      objectReference: {fileID: 0}
    - target: {fileID: 5616278134645749563, guid: a60dad920f973ef47a56a55ab7a4c5eb, type: 3}
      propertyPath: m_LocalPosition.x
      value: -0.06646481
      objectReference: {fileID: 0}
    - target: {fileID: 5616278134645749563, guid: a60dad920f973ef47a56a55ab7a4c5eb, type: 3}
      propertyPath: m_LocalPosition.y
      value: 0.00000016018748
      objectReference: {fileID: 0}
    - target: {fileID: 5616278134645749563, guid: a60dad920f973ef47a56a55ab7a4c5eb, type: 3}
      propertyPath: m_LocalPosition.z
      value: 0.0086060595
      objectReference: {fileID: 0}
    - target: {fileID: 5616278134645749563, guid: a60dad920f973ef47a56a55ab7a4c5eb, type: 3}
      propertyPath: m_LocalRotation.w
      value: 1
      objectReference: {fileID: 0}
    - target: {fileID: 5616278134645749563, guid: a60dad920f973ef47a56a55ab7a4c5eb, type: 3}
      propertyPath: m_LocalRotation.x
      value: 0.000000021855694
      objectReference: {fileID: 0}
    - target: {fileID: 5616278134645749563, guid: a60dad920f973ef47a56a55ab7a4c5eb, type: 3}
      propertyPath: m_LocalRotation.y
      value: -0
      objectReference: {fileID: 0}
    - target: {fileID: 5616278134645749563, guid: a60dad920f973ef47a56a55ab7a4c5eb, type: 3}
      propertyPath: m_LocalRotation.z
      value: -0
      objectReference: {fileID: 0}
    - target: {fileID: 5616278134645749563, guid: a60dad920f973ef47a56a55ab7a4c5eb, type: 3}
      propertyPath: m_LocalEulerAnglesHint.x
      value: 0
      objectReference: {fileID: 0}
    - target: {fileID: 5616278134645749563, guid: a60dad920f973ef47a56a55ab7a4c5eb, type: 3}
      propertyPath: m_LocalEulerAnglesHint.y
      value: 0
      objectReference: {fileID: 0}
    - target: {fileID: 5616278134645749563, guid: a60dad920f973ef47a56a55ab7a4c5eb, type: 3}
      propertyPath: m_LocalEulerAnglesHint.z
      value: 0
      objectReference: {fileID: 0}
    m_RemovedComponents: []
  m_SourcePrefab: {fileID: 100100000, guid: a60dad920f973ef47a56a55ab7a4c5eb, type: 3}
--- !u!1001 &5095525034470307775
PrefabInstance:
  m_ObjectHideFlags: 0
  serializedVersion: 2
  m_Modification:
    m_TransformParent: {fileID: 1599262472843426153}
    m_Modifications:
    - target: {fileID: 1041169334180894229, guid: 625bc8e2020555c45bca1019699d0569, type: 3}
      propertyPath: m_Name
      value: 4
      objectReference: {fileID: 0}
    - target: {fileID: 4322275452205688778, guid: 625bc8e2020555c45bca1019699d0569, type: 3}
      propertyPath: m_RootOrder
      value: 4
      objectReference: {fileID: 0}
    - target: {fileID: 4322275452205688778, guid: 625bc8e2020555c45bca1019699d0569, type: 3}
      propertyPath: m_LocalPosition.x
      value: -0.00039443304
      objectReference: {fileID: 0}
    - target: {fileID: 4322275452205688778, guid: 625bc8e2020555c45bca1019699d0569, type: 3}
      propertyPath: m_LocalPosition.y
      value: 0.0000001792796
      objectReference: {fileID: 0}
    - target: {fileID: 4322275452205688778, guid: 625bc8e2020555c45bca1019699d0569, type: 3}
      propertyPath: m_LocalPosition.z
      value: -0.0029476103
      objectReference: {fileID: 0}
    - target: {fileID: 4322275452205688778, guid: 625bc8e2020555c45bca1019699d0569, type: 3}
      propertyPath: m_LocalRotation.w
      value: 1
      objectReference: {fileID: 0}
    - target: {fileID: 4322275452205688778, guid: 625bc8e2020555c45bca1019699d0569, type: 3}
      propertyPath: m_LocalRotation.x
      value: 0.000000021855694
      objectReference: {fileID: 0}
    - target: {fileID: 4322275452205688778, guid: 625bc8e2020555c45bca1019699d0569, type: 3}
      propertyPath: m_LocalRotation.y
      value: -0
      objectReference: {fileID: 0}
    - target: {fileID: 4322275452205688778, guid: 625bc8e2020555c45bca1019699d0569, type: 3}
      propertyPath: m_LocalRotation.z
      value: -0
      objectReference: {fileID: 0}
    - target: {fileID: 4322275452205688778, guid: 625bc8e2020555c45bca1019699d0569, type: 3}
      propertyPath: m_LocalEulerAnglesHint.x
      value: 0
      objectReference: {fileID: 0}
    - target: {fileID: 4322275452205688778, guid: 625bc8e2020555c45bca1019699d0569, type: 3}
      propertyPath: m_LocalEulerAnglesHint.y
      value: 0
      objectReference: {fileID: 0}
    - target: {fileID: 4322275452205688778, guid: 625bc8e2020555c45bca1019699d0569, type: 3}
      propertyPath: m_LocalEulerAnglesHint.z
      value: 0
      objectReference: {fileID: 0}
    m_RemovedComponents: []
  m_SourcePrefab: {fileID: 100100000, guid: 625bc8e2020555c45bca1019699d0569, type: 3}
--- !u!4 &9028942758901583989 stripped
Transform:
  m_CorrespondingSourceObject: {fileID: 4322275452205688778, guid: 625bc8e2020555c45bca1019699d0569, type: 3}
  m_PrefabInstance: {fileID: 5095525034470307775}
  m_PrefabAsset: {fileID: 0}
--- !u!1001 &5231048839494568167
PrefabInstance:
  m_ObjectHideFlags: 0
  serializedVersion: 2
  m_Modification:
    m_TransformParent: {fileID: 0}
    m_Modifications:
    - target: {fileID: 200421577408111658, guid: 039486a256e58244395733b0e21a13d2, type: 3}
      propertyPath: m_RootOrder
      value: 0
      objectReference: {fileID: 0}
    - target: {fileID: 200421577408111658, guid: 039486a256e58244395733b0e21a13d2, type: 3}
      propertyPath: m_LocalPosition.x
      value: 0
      objectReference: {fileID: 0}
    - target: {fileID: 200421577408111658, guid: 039486a256e58244395733b0e21a13d2, type: 3}
      propertyPath: m_LocalPosition.y
      value: 0
      objectReference: {fileID: 0}
    - target: {fileID: 200421577408111658, guid: 039486a256e58244395733b0e21a13d2, type: 3}
      propertyPath: m_LocalPosition.z
      value: 0
      objectReference: {fileID: 0}
    - target: {fileID: 200421577408111658, guid: 039486a256e58244395733b0e21a13d2, type: 3}
      propertyPath: m_LocalRotation.w
      value: 1
      objectReference: {fileID: 0}
    - target: {fileID: 200421577408111658, guid: 039486a256e58244395733b0e21a13d2, type: 3}
      propertyPath: m_LocalRotation.x
      value: 0
      objectReference: {fileID: 0}
    - target: {fileID: 200421577408111658, guid: 039486a256e58244395733b0e21a13d2, type: 3}
      propertyPath: m_LocalRotation.y
      value: 0
      objectReference: {fileID: 0}
    - target: {fileID: 200421577408111658, guid: 039486a256e58244395733b0e21a13d2, type: 3}
      propertyPath: m_LocalRotation.z
      value: 0
      objectReference: {fileID: 0}
    - target: {fileID: 200421577408111658, guid: 039486a256e58244395733b0e21a13d2, type: 3}
      propertyPath: m_LocalEulerAnglesHint.x
      value: 0
      objectReference: {fileID: 0}
    - target: {fileID: 200421577408111658, guid: 039486a256e58244395733b0e21a13d2, type: 3}
      propertyPath: m_LocalEulerAnglesHint.y
      value: 90
      objectReference: {fileID: 0}
    - target: {fileID: 200421577408111658, guid: 039486a256e58244395733b0e21a13d2, type: 3}
      propertyPath: m_LocalEulerAnglesHint.z
      value: 0
      objectReference: {fileID: 0}
    - target: {fileID: 200421577408111659, guid: 039486a256e58244395733b0e21a13d2, type: 3}
      propertyPath: m_Name
      value: Prefab
      objectReference: {fileID: 0}
    - target: {fileID: 1482153838152494418, guid: 039486a256e58244395733b0e21a13d2, type: 3}
      propertyPath: m_Materials.Array.data[0]
      value: 
      objectReference: {fileID: 2100000, guid: 53fc984d5ee1d3c46a193a67737bfcaa, type: 2}
    - target: {fileID: 1986377789899891164, guid: 039486a256e58244395733b0e21a13d2, type: 3}
      propertyPath: m_Size.x
      value: 0.23905155
      objectReference: {fileID: 0}
    - target: {fileID: 1986377789899891164, guid: 039486a256e58244395733b0e21a13d2, type: 3}
      propertyPath: m_Size.z
      value: 0.04159108
      objectReference: {fileID: 0}
    - target: {fileID: 1986377789899891164, guid: 039486a256e58244395733b0e21a13d2, type: 3}
      propertyPath: m_Center.x
      value: -0.00044594333
      objectReference: {fileID: 0}
    - target: {fileID: 1986377789899891164, guid: 039486a256e58244395733b0e21a13d2, type: 3}
      propertyPath: m_Center.z
      value: 0.000000037252903
      objectReference: {fileID: 0}
    - target: {fileID: 2546062923579179019, guid: 039486a256e58244395733b0e21a13d2, type: 3}
      propertyPath: otherSawingParts.Array.size
      value: 9
      objectReference: {fileID: 0}
    - target: {fileID: 2546062923579179019, guid: 039486a256e58244395733b0e21a13d2, type: 3}
      propertyPath: otherSawingParts.Array.data[0]
      value: 
      objectReference: {fileID: 1724269703975826367}
    - target: {fileID: 2546062923579179019, guid: 039486a256e58244395733b0e21a13d2, type: 3}
      propertyPath: otherSawingParts.Array.data[1]
      value: 
      objectReference: {fileID: 8922544716440901951}
    - target: {fileID: 2546062923579179019, guid: 039486a256e58244395733b0e21a13d2, type: 3}
      propertyPath: otherSawingParts.Array.data[2]
      value: 
      objectReference: {fileID: 8632538954552618588}
    - target: {fileID: 2546062923579179019, guid: 039486a256e58244395733b0e21a13d2, type: 3}
      propertyPath: otherSawingParts.Array.data[3]
      value: 
      objectReference: {fileID: 7037558261916186870}
    - target: {fileID: 2546062923579179019, guid: 039486a256e58244395733b0e21a13d2, type: 3}
      propertyPath: otherSawingParts.Array.data[4]
      value: 
      objectReference: {fileID: 3423312642553853133}
    - target: {fileID: 2546062923579179019, guid: 039486a256e58244395733b0e21a13d2, type: 3}
      propertyPath: otherSawingParts.Array.data[5]
      value: 
      objectReference: {fileID: 1941150548300162393}
    - target: {fileID: 2546062923579179019, guid: 039486a256e58244395733b0e21a13d2, type: 3}
      propertyPath: otherSawingParts.Array.data[6]
      value: 
      objectReference: {fileID: 2066905657167193127}
    - target: {fileID: 2546062923579179019, guid: 039486a256e58244395733b0e21a13d2, type: 3}
      propertyPath: otherSawingParts.Array.data[7]
      value: 
      objectReference: {fileID: 3873216746313345472}
    - target: {fileID: 2546062923579179019, guid: 039486a256e58244395733b0e21a13d2, type: 3}
      propertyPath: otherSawingParts.Array.data[8]
      value: 
      objectReference: {fileID: 414424717209505453}
    - target: {fileID: 2546062923579179019, guid: 039486a256e58244395733b0e21a13d2, type: 3}
      propertyPath: vertexPathEditorData.Array.size
      value: 5
      objectReference: {fileID: 0}
    - target: {fileID: 2546062923579179019, guid: 039486a256e58244395733b0e21a13d2, type: 3}
      propertyPath: vertexPathEditorData.Array.data[1].regionID
      value: 1
      objectReference: {fileID: 0}
    - target: {fileID: 2546062923579179019, guid: 039486a256e58244395733b0e21a13d2, type: 3}
      propertyPath: vertexPathEditorData.Array.data[2].regionID
      value: 2
      objectReference: {fileID: 0}
    - target: {fileID: 2546062923579179019, guid: 039486a256e58244395733b0e21a13d2, type: 3}
      propertyPath: vertexPathEditorData.Array.data[3].regionID
      value: 3
      objectReference: {fileID: 0}
    - target: {fileID: 2546062923579179019, guid: 039486a256e58244395733b0e21a13d2, type: 3}
      propertyPath: vertexPathEditorData.Array.data[4].regionID
      value: 4
      objectReference: {fileID: 0}
    - target: {fileID: 2546062923579179019, guid: 039486a256e58244395733b0e21a13d2, type: 3}
      propertyPath: vertexPathEditorData.Array.data[0].sawingPart
      value: 
      objectReference: {fileID: 3402763233109467848}
    - target: {fileID: 2546062923579179019, guid: 039486a256e58244395733b0e21a13d2, type: 3}
      propertyPath: vertexPathEditorData.Array.data[1].sawingPart
      value: 
      objectReference: {fileID: 2273630697135469813}
    - target: {fileID: 2546062923579179019, guid: 039486a256e58244395733b0e21a13d2, type: 3}
      propertyPath: vertexPathEditorData.Array.data[2].sawingPart
      value: 
      objectReference: {fileID: 4124869458817185179}
    - target: {fileID: 2546062923579179019, guid: 039486a256e58244395733b0e21a13d2, type: 3}
      propertyPath: vertexPathEditorData.Array.data[3].sawingPart
      value: 
      objectReference: {fileID: 2616256030302245038}
    - target: {fileID: 2546062923579179019, guid: 039486a256e58244395733b0e21a13d2, type: 3}
      propertyPath: vertexPathEditorData.Array.data[4].sawingPart
      value: 
      objectReference: {fileID: 2833529368624372907}
    - target: {fileID: 2546062923579179019, guid: 039486a256e58244395733b0e21a13d2, type: 3}
      propertyPath: vertexPathEditorData.Array.data[0].triggerZone
      value: 
      objectReference: {fileID: 4293876602407873963}
    - target: {fileID: 2546062923579179019, guid: 039486a256e58244395733b0e21a13d2, type: 3}
      propertyPath: vertexPathEditorData.Array.data[1].triggerZone
      value: 
      objectReference: {fileID: 4165444133106461760}
    - target: {fileID: 2546062923579179019, guid: 039486a256e58244395733b0e21a13d2, type: 3}
      propertyPath: vertexPathEditorData.Array.data[2].triggerZone
      value: 
      objectReference: {fileID: 6434721418417811689}
    - target: {fileID: 2546062923579179019, guid: 039486a256e58244395733b0e21a13d2, type: 3}
      propertyPath: vertexPathEditorData.Array.data[3].triggerZone
      value: 
      objectReference: {fileID: 1288510482679351666}
    - target: {fileID: 2546062923579179019, guid: 039486a256e58244395733b0e21a13d2, type: 3}
      propertyPath: vertexPathEditorData.Array.data[4].triggerZone
      value: 
      objectReference: {fileID: 9028942758901583989}
    - target: {fileID: 2546062923579179019, guid: 039486a256e58244395733b0e21a13d2, type: 3}
      propertyPath: vertexPathEditorData.Array.data[0].overrideUVArea
      value: 0.1624997
      objectReference: {fileID: 0}
    - target: {fileID: 2546062923579179019, guid: 039486a256e58244395733b0e21a13d2, type: 3}
      propertyPath: vertexPathEditorData.Array.data[0].overrideUVSize.w
      value: 1
      objectReference: {fileID: 0}
    - target: {fileID: 2546062923579179019, guid: 039486a256e58244395733b0e21a13d2, type: 3}
      propertyPath: vertexPathEditorData.Array.data[0].overrideUVSize.x
      value: 0.025
      objectReference: {fileID: 0}
    - target: {fileID: 2546062923579179019, guid: 039486a256e58244395733b0e21a13d2, type: 3}
      propertyPath: vertexPathEditorData.Array.data[0].overrideUVSize.z
      value: 0.1625
      objectReference: {fileID: 0}
    - target: {fileID: 2546062923579179019, guid: 039486a256e58244395733b0e21a13d2, type: 3}
      propertyPath: vertexPathEditorData.Array.data[0].vertexPathConfig
      value: 
      objectReference: {fileID: 11400000, guid: d96dd056938848449a8f3e7dde5e21e2, type: 2}
    - target: {fileID: 2546062923579179019, guid: 039486a256e58244395733b0e21a13d2, type: 3}
      propertyPath: vertexPathEditorData.Array.data[1].overrideUVSize.w
      value: -1
      objectReference: {fileID: 0}
    - target: {fileID: 2546062923579179019, guid: 039486a256e58244395733b0e21a13d2, type: 3}
      propertyPath: vertexPathEditorData.Array.data[1].overrideUVSize.x
      value: -1
      objectReference: {fileID: 0}
    - target: {fileID: 2546062923579179019, guid: 039486a256e58244395733b0e21a13d2, type: 3}
      propertyPath: vertexPathEditorData.Array.data[1].overrideUVSize.y
      value: -1
      objectReference: {fileID: 0}
    - target: {fileID: 2546062923579179019, guid: 039486a256e58244395733b0e21a13d2, type: 3}
      propertyPath: vertexPathEditorData.Array.data[1].overrideUVSize.z
      value: -1
      objectReference: {fileID: 0}
    - target: {fileID: 2546062923579179019, guid: 039486a256e58244395733b0e21a13d2, type: 3}
      propertyPath: vertexPathEditorData.Array.data[1].vertexPathConfig
      value: 
      objectReference: {fileID: 11400000, guid: 46c8d41f26337314a91d2ad16f1aff99, type: 2}
    - target: {fileID: 2546062923579179019, guid: 039486a256e58244395733b0e21a13d2, type: 3}
      propertyPath: vertexPathEditorData.Array.data[2].overrideUVSize.w
      value: -1
      objectReference: {fileID: 0}
    - target: {fileID: 2546062923579179019, guid: 039486a256e58244395733b0e21a13d2, type: 3}
      propertyPath: vertexPathEditorData.Array.data[2].overrideUVSize.x
      value: -1
      objectReference: {fileID: 0}
    - target: {fileID: 2546062923579179019, guid: 039486a256e58244395733b0e21a13d2, type: 3}
      propertyPath: vertexPathEditorData.Array.data[2].overrideUVSize.y
      value: -1
      objectReference: {fileID: 0}
    - target: {fileID: 2546062923579179019, guid: 039486a256e58244395733b0e21a13d2, type: 3}
      propertyPath: vertexPathEditorData.Array.data[2].overrideUVSize.z
      value: -1
      objectReference: {fileID: 0}
    - target: {fileID: 2546062923579179019, guid: 039486a256e58244395733b0e21a13d2, type: 3}
      propertyPath: vertexPathEditorData.Array.data[2].vertexPathConfig
      value: 
      objectReference: {fileID: 11400000, guid: b3d94f91528ad2f4893a197b0c75d53d, type: 2}
    - target: {fileID: 2546062923579179019, guid: 039486a256e58244395733b0e21a13d2, type: 3}
      propertyPath: vertexPathEditorData.Array.data[3].overrideUVSize.w
      value: -1
      objectReference: {fileID: 0}
    - target: {fileID: 2546062923579179019, guid: 039486a256e58244395733b0e21a13d2, type: 3}
      propertyPath: vertexPathEditorData.Array.data[3].overrideUVSize.x
      value: -1
      objectReference: {fileID: 0}
    - target: {fileID: 2546062923579179019, guid: 039486a256e58244395733b0e21a13d2, type: 3}
      propertyPath: vertexPathEditorData.Array.data[3].overrideUVSize.y
      value: -1
      objectReference: {fileID: 0}
    - target: {fileID: 2546062923579179019, guid: 039486a256e58244395733b0e21a13d2, type: 3}
      propertyPath: vertexPathEditorData.Array.data[3].overrideUVSize.z
      value: -1
      objectReference: {fileID: 0}
    - target: {fileID: 2546062923579179019, guid: 039486a256e58244395733b0e21a13d2, type: 3}
      propertyPath: vertexPathEditorData.Array.data[3].vertexPathConfig
      value: 
      objectReference: {fileID: 11400000, guid: fdf0f6ac5f0464740af2873529dfd028, type: 2}
    - target: {fileID: 2546062923579179019, guid: 039486a256e58244395733b0e21a13d2, type: 3}
      propertyPath: vertexPathEditorData.Array.data[4].overrideUVSize.w
      value: -1
      objectReference: {fileID: 0}
    - target: {fileID: 2546062923579179019, guid: 039486a256e58244395733b0e21a13d2, type: 3}
      propertyPath: vertexPathEditorData.Array.data[4].overrideUVSize.x
      value: -1
      objectReference: {fileID: 0}
    - target: {fileID: 2546062923579179019, guid: 039486a256e58244395733b0e21a13d2, type: 3}
      propertyPath: vertexPathEditorData.Array.data[4].overrideUVSize.y
      value: -1
      objectReference: {fileID: 0}
    - target: {fileID: 2546062923579179019, guid: 039486a256e58244395733b0e21a13d2, type: 3}
      propertyPath: vertexPathEditorData.Array.data[4].overrideUVSize.z
      value: -1
      objectReference: {fileID: 0}
    - target: {fileID: 2546062923579179019, guid: 039486a256e58244395733b0e21a13d2, type: 3}
      propertyPath: vertexPathEditorData.Array.data[4].vertexPathConfig
      value: 
      objectReference: {fileID: 11400000, guid: 0f4d22f03ba442646af1be63cde1e41e, type: 2}
    - target: {fileID: 2678124249459416961, guid: 039486a256e58244395733b0e21a13d2, type: 3}
      propertyPath: m_Materials.Array.data[0]
      value: 
      objectReference: {fileID: 2100000, guid: 53fc984d5ee1d3c46a193a67737bfcaa, type: 2}
    - target: {fileID: 3003416048150525724, guid: 039486a256e58244395733b0e21a13d2, type: 3}
      propertyPath: m_Mesh
      value: 
      objectReference: {fileID: 4300000, guid: c41b1908abab907499e0b8862812f935, type: 2}
    - target: {fileID: 3413720304906911714, guid: 039486a256e58244395733b0e21a13d2, type: 3}
      propertyPath: toningPaintable
      value: 
      objectReference: {fileID: 3354393008139532110}
    - target: {fileID: 3413720304906911714, guid: 039486a256e58244395733b0e21a13d2, type: 3}
      propertyPath: sawedFinalObject
      value: 
      objectReference: {fileID: 9215303814645359661}
    - target: {fileID: 3413720304906911714, guid: 039486a256e58244395733b0e21a13d2, type: 3}
      propertyPath: chamferedFinalObject
      value: 
      objectReference: {fileID: 4681569445148049412}
    - target: {fileID: 3413720304906911714, guid: 039486a256e58244395733b0e21a13d2, type: 3}
      propertyPath: otherSawingParts.Array.size
      value: 9
      objectReference: {fileID: 0}
    - target: {fileID: 3413720304906911714, guid: 039486a256e58244395733b0e21a13d2, type: 3}
      propertyPath: toningEditorData.Array.size
      value: 2
      objectReference: {fileID: 0}
    - target: {fileID: 3413720304906911714, guid: 039486a256e58244395733b0e21a13d2, type: 3}
      propertyPath: otherSawingParts.Array.data[0]
      value: 
      objectReference: {fileID: 1724269703975826367}
    - target: {fileID: 3413720304906911714, guid: 039486a256e58244395733b0e21a13d2, type: 3}
      propertyPath: otherSawingParts.Array.data[1]
      value: 
      objectReference: {fileID: 8922544716440901951}
    - target: {fileID: 3413720304906911714, guid: 039486a256e58244395733b0e21a13d2, type: 3}
      propertyPath: otherSawingParts.Array.data[2]
      value: 
      objectReference: {fileID: 8632538954552618588}
    - target: {fileID: 3413720304906911714, guid: 039486a256e58244395733b0e21a13d2, type: 3}
      propertyPath: otherSawingParts.Array.data[3]
      value: 
      objectReference: {fileID: 7037558261916186870}
    - target: {fileID: 3413720304906911714, guid: 039486a256e58244395733b0e21a13d2, type: 3}
      propertyPath: otherSawingParts.Array.data[4]
      value: 
      objectReference: {fileID: 3423312642553853133}
    - target: {fileID: 3413720304906911714, guid: 039486a256e58244395733b0e21a13d2, type: 3}
      propertyPath: otherSawingParts.Array.data[5]
      value: 
      objectReference: {fileID: 1941150548300162393}
    - target: {fileID: 3413720304906911714, guid: 039486a256e58244395733b0e21a13d2, type: 3}
      propertyPath: otherSawingParts.Array.data[6]
      value: 
      objectReference: {fileID: 2066905657167193127}
    - target: {fileID: 3413720304906911714, guid: 039486a256e58244395733b0e21a13d2, type: 3}
      propertyPath: otherSawingParts.Array.data[7]
      value: 
      objectReference: {fileID: 3873216746313345472}
    - target: {fileID: 3413720304906911714, guid: 039486a256e58244395733b0e21a13d2, type: 3}
      propertyPath: otherSawingParts.Array.data[8]
      value: 
      objectReference: {fileID: 414424717209505453}
    - target: {fileID: 3413720304906911714, guid: 039486a256e58244395733b0e21a13d2, type: 3}
      propertyPath: toningEditorData.Array.data[0].uvArea
      value: 0.008887389
      objectReference: {fileID: 0}
    - target: {fileID: 3413720304906911714, guid: 039486a256e58244395733b0e21a13d2, type: 3}
      propertyPath: toningEditorData.Array.data[1].uvArea
      value: 0.008887393
      objectReference: {fileID: 0}
    - target: {fileID: 3413720304906911714, guid: 039486a256e58244395733b0e21a13d2, type: 3}
      propertyPath: toningEditorData.Array.data[0].renderer
      value: 
      objectReference: {fileID: 3491416794844569533}
    - target: {fileID: 3413720304906911714, guid: 039486a256e58244395733b0e21a13d2, type: 3}
      propertyPath: toningEditorData.Array.data[1].renderer
      value: 
      objectReference: {fileID: 6622785192750141388}
    - target: {fileID: 4276362452957727951, guid: 039486a256e58244395733b0e21a13d2, type: 3}
      propertyPath: m_Mesh
      value: 
      objectReference: {fileID: 4300000, guid: 7704716faead8c44d8fe95f01d25b8be, type: 2}
    - target: {fileID: 5556826411945738188, guid: 039486a256e58244395733b0e21a13d2, type: 3}
      propertyPath: vertexPathEditorData.Array.size
      value: 1
      objectReference: {fileID: 0}
    - target: {fileID: 5556826411945738188, guid: 039486a256e58244395733b0e21a13d2, type: 3}
      propertyPath: vertexPathEditorData.Array.data[0].sawingPart
      value: 
      objectReference: {fileID: 3402763233109467848}
    - target: {fileID: 5556826411945738188, guid: 039486a256e58244395733b0e21a13d2, type: 3}
      propertyPath: vertexPathEditorData.Array.data[0].triggerZone
      value: 
      objectReference: {fileID: 5003858826541735621}
    - target: {fileID: 5556826411945738188, guid: 039486a256e58244395733b0e21a13d2, type: 3}
      propertyPath: vertexPathEditorData.Array.data[0].vertexPathConfig
      value: 
      objectReference: {fileID: 11400000, guid: d96dd056938848449a8f3e7dde5e21e2, type: 2}
    - target: {fileID: 5946924383109660642, guid: 039486a256e58244395733b0e21a13d2, type: 3}
      propertyPath: m_LocalPosition.x
      value: 0
      objectReference: {fileID: 0}
    - target: {fileID: 5946924383109660642, guid: 039486a256e58244395733b0e21a13d2, type: 3}
      propertyPath: m_LocalPosition.y
      value: 0.015100179
      objectReference: {fileID: 0}
    - target: {fileID: 5946924383109660642, guid: 039486a256e58244395733b0e21a13d2, type: 3}
      propertyPath: m_LocalPosition.z
      value: 1.1920929e-11
      objectReference: {fileID: 0}
    - target: {fileID: 6719680311252008809, guid: 039486a256e58244395733b0e21a13d2, type: 3}
      propertyPath: m_Mesh
      value: 
      objectReference: {fileID: 4300000, guid: c41b1908abab907499e0b8862812f935, type: 2}
    - target: {fileID: 8567847429075496337, guid: 039486a256e58244395733b0e21a13d2, type: 3}
      propertyPath: m_Mesh
      value: 
      objectReference: {fileID: 4300000, guid: 7704716faead8c44d8fe95f01d25b8be, type: 2}
    m_RemovedComponents: []
  m_SourcePrefab: {fileID: 100100000, guid: 039486a256e58244395733b0e21a13d2, type: 3}
--- !u!4 &384767592000450955 stripped
Transform:
  m_CorrespondingSourceObject: {fileID: 5606580361746184556, guid: 039486a256e58244395733b0e21a13d2, type: 3}
  m_PrefabInstance: {fileID: 5231048839494568167}
  m_PrefabAsset: {fileID: 0}
--- !u!4 &5354887058771995853 stripped
Transform:
  m_CorrespondingSourceObject: {fileID: 200421577408111658, guid: 039486a256e58244395733b0e21a13d2, type: 3}
  m_PrefabInstance: {fileID: 5231048839494568167}
  m_PrefabAsset: {fileID: 0}
--- !u!4 &1599262472843426153 stripped
Transform:
  m_CorrespondingSourceObject: {fileID: 6821215703051989390, guid: 039486a256e58244395733b0e21a13d2, type: 3}
  m_PrefabInstance: {fileID: 5231048839494568167}
  m_PrefabAsset: {fileID: 0}
--- !u!4 &8524854254295327258 stripped
Transform:
  m_CorrespondingSourceObject: {fileID: 4527866894241966845, guid: 039486a256e58244395733b0e21a13d2, type: 3}
  m_PrefabInstance: {fileID: 5231048839494568167}
  m_PrefabAsset: {fileID: 0}
--- !u!1001 &7113285622642005795
PrefabInstance:
  m_ObjectHideFlags: 0
  serializedVersion: 2
  m_Modification:
    m_TransformParent: {fileID: 1599262472843426153}
    m_Modifications:
    - target: {fileID: 1041169334180894229, guid: 625bc8e2020555c45bca1019699d0569, type: 3}
      propertyPath: m_Name
      value: 2
      objectReference: {fileID: 0}
    - target: {fileID: 4322275452205688778, guid: 625bc8e2020555c45bca1019699d0569, type: 3}
      propertyPath: m_RootOrder
      value: 2
      objectReference: {fileID: 0}
    - target: {fileID: 4322275452205688778, guid: 625bc8e2020555c45bca1019699d0569, type: 3}
      propertyPath: m_LocalPosition.x
      value: -0.06646481
      objectReference: {fileID: 0}
    - target: {fileID: 4322275452205688778, guid: 625bc8e2020555c45bca1019699d0569, type: 3}
      propertyPath: m_LocalPosition.y
      value: 0.00000016018748
      objectReference: {fileID: 0}
    - target: {fileID: 4322275452205688778, guid: 625bc8e2020555c45bca1019699d0569, type: 3}
      propertyPath: m_LocalPosition.z
      value: 0.0086060595
      objectReference: {fileID: 0}
    - target: {fileID: 4322275452205688778, guid: 625bc8e2020555c45bca1019699d0569, type: 3}
      propertyPath: m_LocalRotation.w
      value: 1
      objectReference: {fileID: 0}
    - target: {fileID: 4322275452205688778, guid: 625bc8e2020555c45bca1019699d0569, type: 3}
      propertyPath: m_LocalRotation.x
      value: 0.000000021855694
      objectReference: {fileID: 0}
    - target: {fileID: 4322275452205688778, guid: 625bc8e2020555c45bca1019699d0569, type: 3}
      propertyPath: m_LocalRotation.y
      value: -0
      objectReference: {fileID: 0}
    - target: {fileID: 4322275452205688778, guid: 625bc8e2020555c45bca1019699d0569, type: 3}
      propertyPath: m_LocalRotation.z
      value: -0
      objectReference: {fileID: 0}
    - target: {fileID: 4322275452205688778, guid: 625bc8e2020555c45bca1019699d0569, type: 3}
      propertyPath: m_LocalEulerAnglesHint.x
      value: 0
      objectReference: {fileID: 0}
    - target: {fileID: 4322275452205688778, guid: 625bc8e2020555c45bca1019699d0569, type: 3}
      propertyPath: m_LocalEulerAnglesHint.y
      value: 0
      objectReference: {fileID: 0}
    - target: {fileID: 4322275452205688778, guid: 625bc8e2020555c45bca1019699d0569, type: 3}
      propertyPath: m_LocalEulerAnglesHint.z
      value: 0
      objectReference: {fileID: 0}
    m_RemovedComponents: []
  m_SourcePrefab: {fileID: 100100000, guid: 625bc8e2020555c45bca1019699d0569, type: 3}
--- !u!4 &6434721418417811689 stripped
Transform:
  m_CorrespondingSourceObject: {fileID: 4322275452205688778, guid: 625bc8e2020555c45bca1019699d0569, type: 3}
  m_PrefabInstance: {fileID: 7113285622642005795}
  m_PrefabAsset: {fileID: 0}
--- !u!1001 &7582661014840646469
PrefabInstance:
  m_ObjectHideFlags: 0
  serializedVersion: 2
  m_Modification:
    m_TransformParent: {fileID: 8524854254295327258}
    m_Modifications:
    - target: {fileID: 299579926811496707, guid: a60dad920f973ef47a56a55ab7a4c5eb, type: 3}
      propertyPath: m_Name
      value: DrillZone3
      objectReference: {fileID: 0}
    - target: {fileID: 5546204518371930970, guid: a60dad920f973ef47a56a55ab7a4c5eb, type: 3}
      propertyPath: _target
      value: 
      objectReference: {fileID: 7133568143621097388}
    - target: {fileID: 5616278134645749563, guid: a60dad920f973ef47a56a55ab7a4c5eb, type: 3}
      propertyPath: m_RootOrder
      value: 3
      objectReference: {fileID: 0}
    - target: {fileID: 5616278134645749563, guid: a60dad920f973ef47a56a55ab7a4c5eb, type: 3}
      propertyPath: m_LocalPosition.x
      value: -0.052821755
      objectReference: {fileID: 0}
    - target: {fileID: 5616278134645749563, guid: a60dad920f973ef47a56a55ab7a4c5eb, type: 3}
      propertyPath: m_LocalPosition.y
      value: 0.00000015227126
      objectReference: {fileID: 0}
    - target: {fileID: 5616278134645749563, guid: a60dad920f973ef47a56a55ab7a4c5eb, type: 3}
      propertyPath: m_LocalPosition.z
      value: 0.00095240056
      objectReference: {fileID: 0}
    - target: {fileID: 5616278134645749563, guid: a60dad920f973ef47a56a55ab7a4c5eb, type: 3}
      propertyPath: m_LocalRotation.w
      value: 1
      objectReference: {fileID: 0}
    - target: {fileID: 5616278134645749563, guid: a60dad920f973ef47a56a55ab7a4c5eb, type: 3}
      propertyPath: m_LocalRotation.x
      value: 0.000000021855694
      objectReference: {fileID: 0}
    - target: {fileID: 5616278134645749563, guid: a60dad920f973ef47a56a55ab7a4c5eb, type: 3}
      propertyPath: m_LocalRotation.y
      value: -0
      objectReference: {fileID: 0}
    - target: {fileID: 5616278134645749563, guid: a60dad920f973ef47a56a55ab7a4c5eb, type: 3}
      propertyPath: m_LocalRotation.z
      value: -0
      objectReference: {fileID: 0}
    - target: {fileID: 5616278134645749563, guid: a60dad920f973ef47a56a55ab7a4c5eb, type: 3}
      propertyPath: m_LocalEulerAnglesHint.x
      value: 0
      objectReference: {fileID: 0}
    - target: {fileID: 5616278134645749563, guid: a60dad920f973ef47a56a55ab7a4c5eb, type: 3}
      propertyPath: m_LocalEulerAnglesHint.y
      value: 0
      objectReference: {fileID: 0}
    - target: {fileID: 5616278134645749563, guid: a60dad920f973ef47a56a55ab7a4c5eb, type: 3}
      propertyPath: m_LocalEulerAnglesHint.z
      value: 0
      objectReference: {fileID: 0}
    m_RemovedComponents: []
  m_SourcePrefab: {fileID: 100100000, guid: a60dad920f973ef47a56a55ab7a4c5eb, type: 3}
--- !u!1001 &7842720272092271363
PrefabInstance:
  m_ObjectHideFlags: 0
  serializedVersion: 2
  m_Modification:
    m_TransformParent: {fileID: 8524854254295327258}
    m_Modifications:
    - target: {fileID: 299579926811496707, guid: a60dad920f973ef47a56a55ab7a4c5eb, type: 3}
      propertyPath: m_Name
      value: DrillZone0
      objectReference: {fileID: 0}
    - target: {fileID: 5546204518371930970, guid: a60dad920f973ef47a56a55ab7a4c5eb, type: 3}
      propertyPath: _target
      value: 
      objectReference: {fileID: 7009312028165734528}
    - target: {fileID: 5616278134645749563, guid: a60dad920f973ef47a56a55ab7a4c5eb, type: 3}
      propertyPath: m_RootOrder
      value: 0
      objectReference: {fileID: 0}
    - target: {fileID: 5616278134645749563, guid: a60dad920f973ef47a56a55ab7a4c5eb, type: 3}
      propertyPath: m_LocalPosition.x
      value: 0.05086022
      objectReference: {fileID: 0}
    - target: {fileID: 5616278134645749563, guid: a60dad920f973ef47a56a55ab7a4c5eb, type: 3}
      propertyPath: m_LocalPosition.y
      value: 0.00000023515895
      objectReference: {fileID: 0}
    - target: {fileID: 5616278134645749563, guid: a60dad920f973ef47a56a55ab7a4c5eb, type: 3}
      propertyPath: m_LocalPosition.z
      value: 0.01634396
      objectReference: {fileID: 0}
    - target: {fileID: 5616278134645749563, guid: a60dad920f973ef47a56a55ab7a4c5eb, type: 3}
      propertyPath: m_LocalRotation.w
      value: 1
      objectReference: {fileID: 0}
    - target: {fileID: 5616278134645749563, guid: a60dad920f973ef47a56a55ab7a4c5eb, type: 3}
      propertyPath: m_LocalRotation.x
      value: 0.000000021855694
      objectReference: {fileID: 0}
    - target: {fileID: 5616278134645749563, guid: a60dad920f973ef47a56a55ab7a4c5eb, type: 3}
      propertyPath: m_LocalRotation.y
      value: -0
      objectReference: {fileID: 0}
    - target: {fileID: 5616278134645749563, guid: a60dad920f973ef47a56a55ab7a4c5eb, type: 3}
      propertyPath: m_LocalRotation.z
      value: -0
      objectReference: {fileID: 0}
    - target: {fileID: 5616278134645749563, guid: a60dad920f973ef47a56a55ab7a4c5eb, type: 3}
      propertyPath: m_LocalEulerAnglesHint.x
      value: 0
      objectReference: {fileID: 0}
    - target: {fileID: 5616278134645749563, guid: a60dad920f973ef47a56a55ab7a4c5eb, type: 3}
      propertyPath: m_LocalEulerAnglesHint.y
      value: 0
      objectReference: {fileID: 0}
    - target: {fileID: 5616278134645749563, guid: a60dad920f973ef47a56a55ab7a4c5eb, type: 3}
      propertyPath: m_LocalEulerAnglesHint.z
      value: 0
      objectReference: {fileID: 0}
    m_RemovedComponents: []
  m_SourcePrefab: {fileID: 100100000, guid: a60dad920f973ef47a56a55ab7a4c5eb, type: 3}
--- !u!1001 &8762465173799056450
PrefabInstance:
  m_ObjectHideFlags: 0
  serializedVersion: 2
  m_Modification:
    m_TransformParent: {fileID: 8524854254295327258}
    m_Modifications:
    - target: {fileID: 299579926811496707, guid: a60dad920f973ef47a56a55ab7a4c5eb, type: 3}
      propertyPath: m_Name
      value: DrillZone1
      objectReference: {fileID: 0}
    - target: {fileID: 5546204518371930970, guid: a60dad920f973ef47a56a55ab7a4c5eb, type: 3}
      propertyPath: _target
      value: 
      objectReference: {fileID: 8479773072951212643}
    - target: {fileID: 5616278134645749563, guid: a60dad920f973ef47a56a55ab7a4c5eb, type: 3}
      propertyPath: m_RootOrder
      value: 1
      objectReference: {fileID: 0}
    - target: {fileID: 5616278134645749563, guid: a60dad920f973ef47a56a55ab7a4c5eb, type: 3}
      propertyPath: m_LocalPosition.x
      value: -0.08533811
      objectReference: {fileID: 0}
    - target: {fileID: 5616278134645749563, guid: a60dad920f973ef47a56a55ab7a4c5eb, type: 3}
      propertyPath: m_LocalPosition.y
      value: 0.00000015228949
      objectReference: {fileID: 0}
    - target: {fileID: 5616278134645749563, guid: a60dad920f973ef47a56a55ab7a4c5eb, type: 3}
      propertyPath: m_LocalPosition.z
      value: 0.00091601233
      objectReference: {fileID: 0}
    - target: {fileID: 5616278134645749563, guid: a60dad920f973ef47a56a55ab7a4c5eb, type: 3}
      propertyPath: m_LocalRotation.w
      value: 1
      objectReference: {fileID: 0}
    - target: {fileID: 5616278134645749563, guid: a60dad920f973ef47a56a55ab7a4c5eb, type: 3}
      propertyPath: m_LocalRotation.x
      value: 0.000000021855694
      objectReference: {fileID: 0}
    - target: {fileID: 5616278134645749563, guid: a60dad920f973ef47a56a55ab7a4c5eb, type: 3}
      propertyPath: m_LocalRotation.y
      value: -0
      objectReference: {fileID: 0}
    - target: {fileID: 5616278134645749563, guid: a60dad920f973ef47a56a55ab7a4c5eb, type: 3}
      propertyPath: m_LocalRotation.z
      value: -0
      objectReference: {fileID: 0}
    - target: {fileID: 5616278134645749563, guid: a60dad920f973ef47a56a55ab7a4c5eb, type: 3}
      propertyPath: m_LocalEulerAnglesHint.x
      value: 0
      objectReference: {fileID: 0}
    - target: {fileID: 5616278134645749563, guid: a60dad920f973ef47a56a55ab7a4c5eb, type: 3}
      propertyPath: m_LocalEulerAnglesHint.y
      value: 0
      objectReference: {fileID: 0}
    - target: {fileID: 5616278134645749563, guid: a60dad920f973ef47a56a55ab7a4c5eb, type: 3}
      propertyPath: m_LocalEulerAnglesHint.z
      value: 0
      objectReference: {fileID: 0}
    m_RemovedComponents: []
  m_SourcePrefab: {fileID: 100100000, guid: a60dad920f973ef47a56a55ab7a4c5eb, type: 3}
--- !u!1001 &9033749351823249298
PrefabInstance:
  m_ObjectHideFlags: 0
  serializedVersion: 2
  m_Modification:
    m_TransformParent: {fileID: 8524854254295327258}
    m_Modifications:
    - target: {fileID: 299579926811496707, guid: a60dad920f973ef47a56a55ab7a4c5eb, type: 3}
      propertyPath: m_Name
      value: DrillZone4
      objectReference: {fileID: 0}
    - target: {fileID: 5546204518371930970, guid: a60dad920f973ef47a56a55ab7a4c5eb, type: 3}
      propertyPath: _target
      value: 
      objectReference: {fileID: 6737563260175540221}
    - target: {fileID: 5616278134645749563, guid: a60dad920f973ef47a56a55ab7a4c5eb, type: 3}
      propertyPath: m_RootOrder
      value: 4
      objectReference: {fileID: 0}
    - target: {fileID: 5616278134645749563, guid: a60dad920f973ef47a56a55ab7a4c5eb, type: 3}
      propertyPath: m_LocalPosition.x
      value: -0.00039443304
      objectReference: {fileID: 0}
    - target: {fileID: 5616278134645749563, guid: a60dad920f973ef47a56a55ab7a4c5eb, type: 3}
      propertyPath: m_LocalPosition.y
      value: 0.0000001792796
      objectReference: {fileID: 0}
    - target: {fileID: 5616278134645749563, guid: a60dad920f973ef47a56a55ab7a4c5eb, type: 3}
      propertyPath: m_LocalPosition.z
      value: -0.0029476103
      objectReference: {fileID: 0}
    - target: {fileID: 5616278134645749563, guid: a60dad920f973ef47a56a55ab7a4c5eb, type: 3}
      propertyPath: m_LocalRotation.w
      value: 1
      objectReference: {fileID: 0}
    - target: {fileID: 5616278134645749563, guid: a60dad920f973ef47a56a55ab7a4c5eb, type: 3}
      propertyPath: m_LocalRotation.x
      value: 0.000000021855694
      objectReference: {fileID: 0}
    - target: {fileID: 5616278134645749563, guid: a60dad920f973ef47a56a55ab7a4c5eb, type: 3}
      propertyPath: m_LocalRotation.y
      value: -0
      objectReference: {fileID: 0}
    - target: {fileID: 5616278134645749563, guid: a60dad920f973ef47a56a55ab7a4c5eb, type: 3}
      propertyPath: m_LocalRotation.z
      value: -0
      objectReference: {fileID: 0}
    - target: {fileID: 5616278134645749563, guid: a60dad920f973ef47a56a55ab7a4c5eb, type: 3}
      propertyPath: m_LocalEulerAnglesHint.x
      value: 0
      objectReference: {fileID: 0}
    - target: {fileID: 5616278134645749563, guid: a60dad920f973ef47a56a55ab7a4c5eb, type: 3}
      propertyPath: m_LocalEulerAnglesHint.y
      value: 0
      objectReference: {fileID: 0}
    - target: {fileID: 5616278134645749563, guid: a60dad920f973ef47a56a55ab7a4c5eb, type: 3}
      propertyPath: m_LocalEulerAnglesHint.z
      value: 0
      objectReference: {fileID: 0}
    m_RemovedComponents: []
  m_SourcePrefab: {fileID: 100100000, guid: a60dad920f973ef47a56a55ab7a4c5eb, type: 3}
--- !u!1001 &9118251615997229327
PrefabInstance:
  m_ObjectHideFlags: 0
  serializedVersion: 2
  m_Modification:
    m_TransformParent: {fileID: 384767592000450955}
    m_Modifications:
    - target: {fileID: 1041169334180894229, guid: 625bc8e2020555c45bca1019699d0569, type: 3}
      propertyPath: m_Name
      value: 0
      objectReference: {fileID: 0}
    - target: {fileID: 4322275452205688778, guid: 625bc8e2020555c45bca1019699d0569, type: 3}
      propertyPath: m_RootOrder
      value: 0
      objectReference: {fileID: 0}
    - target: {fileID: 4322275452205688778, guid: 625bc8e2020555c45bca1019699d0569, type: 3}
      propertyPath: m_LocalPosition.x
      value: 0.05086022
      objectReference: {fileID: 0}
    - target: {fileID: 4322275452205688778, guid: 625bc8e2020555c45bca1019699d0569, type: 3}
      propertyPath: m_LocalPosition.y
      value: 0.00000023515895
      objectReference: {fileID: 0}
    - target: {fileID: 4322275452205688778, guid: 625bc8e2020555c45bca1019699d0569, type: 3}
      propertyPath: m_LocalPosition.z
      value: 0.01634396
      objectReference: {fileID: 0}
    - target: {fileID: 4322275452205688778, guid: 625bc8e2020555c45bca1019699d0569, type: 3}
      propertyPath: m_LocalRotation.w
      value: 1
      objectReference: {fileID: 0}
    - target: {fileID: 4322275452205688778, guid: 625bc8e2020555c45bca1019699d0569, type: 3}
      propertyPath: m_LocalRotation.x
      value: 0.000000021855694
      objectReference: {fileID: 0}
    - target: {fileID: 4322275452205688778, guid: 625bc8e2020555c45bca1019699d0569, type: 3}
      propertyPath: m_LocalRotation.y
      value: -0
      objectReference: {fileID: 0}
    - target: {fileID: 4322275452205688778, guid: 625bc8e2020555c45bca1019699d0569, type: 3}
      propertyPath: m_LocalRotation.z
      value: -0
      objectReference: {fileID: 0}
    - target: {fileID: 4322275452205688778, guid: 625bc8e2020555c45bca1019699d0569, type: 3}
      propertyPath: m_LocalEulerAnglesHint.x
      value: 0
      objectReference: {fileID: 0}
    - target: {fileID: 4322275452205688778, guid: 625bc8e2020555c45bca1019699d0569, type: 3}
      propertyPath: m_LocalEulerAnglesHint.y
      value: 0
      objectReference: {fileID: 0}
    - target: {fileID: 4322275452205688778, guid: 625bc8e2020555c45bca1019699d0569, type: 3}
      propertyPath: m_LocalEulerAnglesHint.z
      value: 0
      objectReference: {fileID: 0}
    m_RemovedComponents: []
  m_SourcePrefab: {fileID: 100100000, guid: 625bc8e2020555c45bca1019699d0569, type: 3}
--- !u!4 &5003858826541735621 stripped
Transform:
  m_CorrespondingSourceObject: {fileID: 4322275452205688778, guid: 625bc8e2020555c45bca1019699d0569, type: 3}
  m_PrefabInstance: {fileID: 9118251615997229327}
  m_PrefabAsset: {fileID: 0}
