%YAML 1.1
%TAG !u! tag:unity3d.com,2011:
--- !u!29 &1
OcclusionCullingSettings:
  m_ObjectHideFlags: 0
  serializedVersion: 2
  m_OcclusionBakeSettings:
    smallestOccluder: 5
    smallestHole: 0.25
    backfaceThreshold: 100
  m_SceneGUID: 00000000000000000000000000000000
  m_OcclusionCullingData: {fileID: 0}
--- !u!104 &2
RenderSettings:
  m_ObjectHideFlags: 0
  serializedVersion: 9
  m_Fog: 0
  m_FogColor: {r: 0.5, g: 0.5, b: 0.5, a: 1}
  m_FogMode: 3
  m_FogDensity: 0.01
  m_LinearFogStart: 0
  m_LinearFogEnd: 300
  m_AmbientSkyColor: {r: 0.212, g: 0.227, b: 0.259, a: 1}
  m_AmbientEquatorColor: {r: 0.114, g: 0.125, b: 0.133, a: 1}
  m_AmbientGroundColor: {r: 0.047, g: 0.043, b: 0.035, a: 1}
  m_AmbientIntensity: 1
  m_AmbientMode: 0
  m_SubtractiveShadowColor: {r: 0.42, g: 0.478, b: 0.627, a: 1}
  m_SkyboxMaterial: {fileID: 10304, guid: 0000000000000000f000000000000000, type: 0}
  m_HaloStrength: 0.5
  m_FlareStrength: 1
  m_FlareFadeSpeed: 3
  m_HaloTexture: {fileID: 0}
  m_SpotCookie: {fileID: 10001, guid: 0000000000000000e000000000000000, type: 0}
  m_DefaultReflectionMode: 0
  m_DefaultReflectionResolution: 128
  m_ReflectionBounces: 1
  m_ReflectionIntensity: 1
  m_CustomReflection: {fileID: 0}
  m_Sun: {fileID: 0}
  m_IndirectSpecularColor: {r: 0.18028378, g: 0.22571412, b: 0.30692285, a: 1}
  m_UseRadianceAmbientProbe: 0
--- !u!157 &3
LightmapSettings:
  m_ObjectHideFlags: 0
  serializedVersion: 12
  m_GIWorkflowMode: 1
  m_GISettings:
    serializedVersion: 2
    m_BounceScale: 1
    m_IndirectOutputScale: 1
    m_AlbedoBoost: 1
    m_EnvironmentLightingMode: 0
    m_EnableBakedLightmaps: 1
    m_EnableRealtimeLightmaps: 0
  m_LightmapEditorSettings:
    serializedVersion: 12
    m_Resolution: 2
    m_BakeResolution: 40
    m_AtlasSize: 1024
    m_AO: 0
    m_AOMaxDistance: 1
    m_CompAOExponent: 1
    m_CompAOExponentDirect: 0
    m_ExtractAmbientOcclusion: 0
    m_Padding: 2
    m_LightmapParameters: {fileID: 0}
    m_LightmapsBakeMode: 1
    m_TextureCompression: 1
    m_FinalGather: 0
    m_FinalGatherFiltering: 1
    m_FinalGatherRayCount: 256
    m_ReflectionCompression: 2
    m_MixedBakeMode: 2
    m_BakeBackend: 1
    m_PVRSampling: 1
    m_PVRDirectSampleCount: 32
    m_PVRSampleCount: 512
    m_PVRBounces: 2
    m_PVREnvironmentSampleCount: 256
    m_PVREnvironmentReferencePointCount: 2048
    m_PVRFilteringMode: 1
    m_PVRDenoiserTypeDirect: 1
    m_PVRDenoiserTypeIndirect: 1
    m_PVRDenoiserTypeAO: 1
    m_PVRFilterTypeDirect: 0
    m_PVRFilterTypeIndirect: 0
    m_PVRFilterTypeAO: 0
    m_PVREnvironmentMIS: 1
    m_PVRCulling: 1
    m_PVRFilteringGaussRadiusDirect: 1
    m_PVRFilteringGaussRadiusIndirect: 5
    m_PVRFilteringGaussRadiusAO: 2
    m_PVRFilteringAtrousPositionSigmaDirect: 0.5
    m_PVRFilteringAtrousPositionSigmaIndirect: 2
    m_PVRFilteringAtrousPositionSigmaAO: 1
    m_ExportTrainingData: 0
    m_TrainingDataDestination: TrainingData
    m_LightProbeSampleCountMultiplier: 4
  m_LightingDataAsset: {fileID: 0}
  m_LightingSettings: {fileID: 0}
--- !u!196 &4
NavMeshSettings:
  serializedVersion: 2
  m_ObjectHideFlags: 0
  m_BuildSettings:
    serializedVersion: 2
    agentTypeID: 0
    agentRadius: 0.5
    agentHeight: 2
    agentSlope: 45
    agentClimb: 0.4
    ledgeDropHeight: 0
    maxJumpAcrossDistance: 0
    minRegionArea: 2
    manualCellSize: 0
    cellSize: 0.16666667
    manualTileSize: 0
    tileSize: 256
    accuratePlacement: 0
    maxJobWorkers: 0
    preserveTilesOutsideBounds: 0
    debug:
      m_Flags: 0
  m_NavMeshData: {fileID: 0}
--- !u!114 &333268809 stripped
MonoBehaviour:
  m_CorrespondingSourceObject: {fileID: 16020154821266637, guid: 81cfcd1751d381e47b371ba93cc848fd, type: 3}
  m_PrefabInstance: {fileID: 492067056}
  m_PrefabAsset: {fileID: 0}
  m_GameObject: {fileID: 0}
  m_Enabled: 1
  m_EditorHideFlags: 0
  m_Script: {fileID: 11500000, guid: 83e4e6cca11330d4088d729ab4fc9d9f, type: 3}
  m_Name: 
  m_EditorClassIdentifier: 
--- !u!1001 &492067056
PrefabInstance:
  m_ObjectHideFlags: 0
  serializedVersion: 2
  m_Modification:
    m_TransformParent: {fileID: 1555702474851268058}
    m_Modifications:
    - target: {fileID: 2437673978511678701, guid: 81cfcd1751d381e47b371ba93cc848fd, type: 3}
      propertyPath: m_RootOrder
      value: 3
      objectReference: {fileID: 0}
    - target: {fileID: 2437673978511678701, guid: 81cfcd1751d381e47b371ba93cc848fd, type: 3}
      propertyPath: m_LocalPosition.x
      value: 0
      objectReference: {fileID: 0}
    - target: {fileID: 2437673978511678701, guid: 81cfcd1751d381e47b371ba93cc848fd, type: 3}
      propertyPath: m_LocalPosition.y
      value: 0
      objectReference: {fileID: 0}
    - target: {fileID: 2437673978511678701, guid: 81cfcd1751d381e47b371ba93cc848fd, type: 3}
      propertyPath: m_LocalPosition.z
      value: 0
      objectReference: {fileID: 0}
    - target: {fileID: 2437673978511678701, guid: 81cfcd1751d381e47b371ba93cc848fd, type: 3}
      propertyPath: m_LocalRotation.w
      value: 1
      objectReference: {fileID: 0}
    - target: {fileID: 2437673978511678701, guid: 81cfcd1751d381e47b371ba93cc848fd, type: 3}
      propertyPath: m_LocalRotation.x
      value: -0
      objectReference: {fileID: 0}
    - target: {fileID: 2437673978511678701, guid: 81cfcd1751d381e47b371ba93cc848fd, type: 3}
      propertyPath: m_LocalRotation.y
      value: -0
      objectReference: {fileID: 0}
    - target: {fileID: 2437673978511678701, guid: 81cfcd1751d381e47b371ba93cc848fd, type: 3}
      propertyPath: m_LocalRotation.z
      value: -0
      objectReference: {fileID: 0}
    - target: {fileID: 2437673978511678701, guid: 81cfcd1751d381e47b371ba93cc848fd, type: 3}
      propertyPath: m_LocalEulerAnglesHint.x
      value: 0
      objectReference: {fileID: 0}
    - target: {fileID: 2437673978511678701, guid: 81cfcd1751d381e47b371ba93cc848fd, type: 3}
      propertyPath: m_LocalEulerAnglesHint.y
      value: 0
      objectReference: {fileID: 0}
    - target: {fileID: 2437673978511678701, guid: 81cfcd1751d381e47b371ba93cc848fd, type: 3}
      propertyPath: m_LocalEulerAnglesHint.z
      value: 0
      objectReference: {fileID: 0}
    - target: {fileID: 8319640467431488161, guid: 81cfcd1751d381e47b371ba93cc848fd, type: 3}
      propertyPath: m_Name
      value: XRComponents (1)
      objectReference: {fileID: 0}
    - target: {fileID: 8319640467431488161, guid: 81cfcd1751d381e47b371ba93cc848fd, type: 3}
      propertyPath: m_IsActive
      value: 1
      objectReference: {fileID: 0}
    m_RemovedComponents: []
  m_SourcePrefab: {fileID: 100100000, guid: 81cfcd1751d381e47b371ba93cc848fd, type: 3}
--- !u!4 &492067057 stripped
Transform:
  m_CorrespondingSourceObject: {fileID: 2437673978511678701, guid: 81cfcd1751d381e47b371ba93cc848fd, type: 3}
  m_PrefabInstance: {fileID: 492067056}
  m_PrefabAsset: {fileID: 0}
--- !u!1 &935249786
GameObject:
  m_ObjectHideFlags: 0
  m_CorrespondingSourceObject: {fileID: 0}
  m_PrefabInstance: {fileID: 0}
  m_PrefabAsset: {fileID: 0}
  serializedVersion: 6
  m_Component:
  - component: {fileID: 935249788}
  - component: {fileID: 935249787}
  m_Layer: 0
  m_Name: Directional Light
  m_TagString: Untagged
  m_Icon: {fileID: 0}
  m_NavMeshLayer: 0
  m_StaticEditorFlags: 0
  m_IsActive: 1
--- !u!108 &935249787
Light:
  m_ObjectHideFlags: 0
  m_CorrespondingSourceObject: {fileID: 0}
  m_PrefabInstance: {fileID: 0}
  m_PrefabAsset: {fileID: 0}
  m_GameObject: {fileID: 935249786}
  m_Enabled: 1
  serializedVersion: 10
  m_Type: 1
  m_Shape: 0
  m_Color: {r: 1, g: 0.95686275, b: 0.8392157, a: 1}
  m_Intensity: 1
  m_Range: 10
  m_SpotAngle: 30
  m_InnerSpotAngle: 21.80208
  m_CookieSize: 10
  m_Shadows:
    m_Type: 2
    m_Resolution: -1
    m_CustomResolution: -1
    m_Strength: 1
    m_Bias: 0.05
    m_NormalBias: 0.4
    m_NearPlane: 0.2
    m_CullingMatrixOverride:
      e00: 1
      e01: 0
      e02: 0
      e03: 0
      e10: 0
      e11: 1
      e12: 0
      e13: 0
      e20: 0
      e21: 0
      e22: 1
      e23: 0
      e30: 0
      e31: 0
      e32: 0
      e33: 1
    m_UseCullingMatrixOverride: 0
  m_Cookie: {fileID: 0}
  m_DrawHalo: 0
  m_Flare: {fileID: 0}
  m_RenderMode: 0
  m_CullingMask:
    serializedVersion: 2
    m_Bits: 4294967295
  m_RenderingLayerMask: 1
  m_Lightmapping: 4
  m_LightShadowCasterMode: 0
  m_AreaSize: {x: 1, y: 1}
  m_BounceIntensity: 1
  m_ColorTemperature: 6570
  m_UseColorTemperature: 0
  m_BoundingSphereOverride: {x: 0, y: 0, z: 0, w: 0}
  m_UseBoundingSphereOverride: 0
  m_UseViewFrustumForShadowCasterCull: 1
  m_ShadowRadius: 0
  m_ShadowAngle: 0
--- !u!4 &935249788
Transform:
  m_ObjectHideFlags: 0
  m_CorrespondingSourceObject: {fileID: 0}
  m_PrefabInstance: {fileID: 0}
  m_PrefabAsset: {fileID: 0}
  m_GameObject: {fileID: 935249786}
  m_LocalRotation: {x: 0.40821788, y: -0.23456968, z: 0.10938163, w: 0.8754261}
  m_LocalPosition: {x: 0, y: 3, z: 0}
  m_LocalScale: {x: 1, y: 1, z: 1}
  m_Children: []
  m_Father: {fileID: 0}
  m_RootOrder: 1
  m_LocalEulerAnglesHint: {x: 50, y: -30, z: 0}
--- !u!1 &1000535608
GameObject:
  m_ObjectHideFlags: 0
  m_CorrespondingSourceObject: {fileID: 0}
  m_PrefabInstance: {fileID: 0}
  m_PrefabAsset: {fileID: 0}
  serializedVersion: 6
  m_Component:
  - component: {fileID: 1000535609}
  m_Layer: 0
  m_Name: --- [SceneContainer]
  m_TagString: Untagged
  m_Icon: {fileID: 0}
  m_NavMeshLayer: 0
  m_StaticEditorFlags: 0
  m_IsActive: 1
--- !u!4 &1000535609
Transform:
  m_ObjectHideFlags: 0
  m_CorrespondingSourceObject: {fileID: 0}
  m_PrefabInstance: {fileID: 0}
  m_PrefabAsset: {fileID: 0}
  m_GameObject: {fileID: 1000535608}
  m_LocalRotation: {x: -0, y: -0, z: -0, w: 1}
  m_LocalPosition: {x: 0, y: 1.3614397, z: -10}
  m_LocalScale: {x: 1, y: 1, z: 1}
  m_Children:
  - {fileID: 3263802158181304183}
  - {fileID: 5627744596148737766}
  m_Father: {fileID: 1555702474851268058}
  m_RootOrder: 0
  m_LocalEulerAnglesHint: {x: 0, y: 0, z: 0}
--- !u!1 &1102256902
GameObject:
  m_ObjectHideFlags: 0
  m_CorrespondingSourceObject: {fileID: 0}
  m_PrefabInstance: {fileID: 0}
  m_PrefabAsset: {fileID: 0}
  serializedVersion: 6
  m_Component:
  - component: {fileID: 1102256903}
  - component: {fileID: 1102256906}
  - component: {fileID: 1102256905}
  - component: {fileID: 1102256904}
  - component: {fileID: 1102256908}
  - component: {fileID: 1102256907}
  m_Layer: 0
  m_Name: Hand
  m_TagString: Untagged
  m_Icon: {fileID: 0}
  m_NavMeshLayer: 0
  m_StaticEditorFlags: 0
  m_IsActive: 1
--- !u!4 &1102256903
Transform:
  m_ObjectHideFlags: 0
  m_CorrespondingSourceObject: {fileID: 0}
  m_PrefabInstance: {fileID: 0}
  m_PrefabAsset: {fileID: 0}
  m_GameObject: {fileID: 1102256902}
  m_LocalRotation: {x: -0, y: -0, z: -0, w: 1}
  m_LocalPosition: {x: 0, y: 0, z: 0}
  m_LocalScale: {x: 0.1, y: 0.1, z: 0.1}
  m_Children: []
  m_Father: {fileID: 1229293177}
  m_RootOrder: 0
  m_LocalEulerAnglesHint: {x: 0, y: 0, z: 0}
--- !u!114 &1102256904
MonoBehaviour:
  m_ObjectHideFlags: 0
  m_CorrespondingSourceObject: {fileID: 0}
  m_PrefabInstance: {fileID: 0}
  m_PrefabAsset: {fileID: 0}
  m_GameObject: {fileID: 1102256902}
  m_Enabled: 1
  m_EditorHideFlags: 0
  m_Script: {fileID: 11500000, guid: a1d0505774e340e4ba5757870777b787, type: 3}
  m_Name: 
  m_EditorClassIdentifier: 
  interactionTag: Grabbable
  grabAction: {fileID: 75288805269307982, guid: c348712bda248c246b8c49b3db54643f, type: 3}
--- !u!54 &1102256905
Rigidbody:
  m_ObjectHideFlags: 0
  m_CorrespondingSourceObject: {fileID: 0}
  m_PrefabInstance: {fileID: 0}
  m_PrefabAsset: {fileID: 0}
  m_GameObject: {fileID: 1102256902}
  serializedVersion: 2
  m_Mass: 1
  m_Drag: 0
  m_AngularDrag: 0.05
  m_UseGravity: 1
  m_IsKinematic: 1
  m_Interpolate: 0
  m_Constraints: 0
  m_CollisionDetection: 0
--- !u!135 &1102256906
SphereCollider:
  m_ObjectHideFlags: 0
  m_CorrespondingSourceObject: {fileID: 0}
  m_PrefabInstance: {fileID: 0}
  m_PrefabAsset: {fileID: 0}
  m_GameObject: {fileID: 1102256902}
  m_Material: {fileID: 0}
  m_IsTrigger: 1
  m_Enabled: 1
  serializedVersion: 2
  m_Radius: 0.5
  m_Center: {x: 0, y: 0, z: 0}
--- !u!33 &1102256907
MeshFilter:
  m_ObjectHideFlags: 0
  m_CorrespondingSourceObject: {fileID: 0}
  m_PrefabInstance: {fileID: 0}
  m_PrefabAsset: {fileID: 0}
  m_GameObject: {fileID: 1102256902}
  m_Mesh: {fileID: 10207, guid: 0000000000000000e000000000000000, type: 0}
--- !u!23 &1102256908
MeshRenderer:
  m_ObjectHideFlags: 0
  m_CorrespondingSourceObject: {fileID: 0}
  m_PrefabInstance: {fileID: 0}
  m_PrefabAsset: {fileID: 0}
  m_GameObject: {fileID: 1102256902}
  m_Enabled: 0
  m_CastShadows: 1
  m_ReceiveShadows: 1
  m_DynamicOccludee: 1
  m_MotionVectors: 1
  m_LightProbeUsage: 1
  m_ReflectionProbeUsage: 1
  m_RayTracingMode: 2
  m_RayTraceProcedural: 0
  m_RenderingLayerMask: 1
  m_RendererPriority: 0
  m_Materials:
  - {fileID: 2100000, guid: ed3d7827a5b76a54dac34e25e12d0600, type: 2}
  m_StaticBatchInfo:
    firstSubMesh: 0
    subMeshCount: 0
  m_StaticBatchRoot: {fileID: 0}
  m_ProbeAnchor: {fileID: 0}
  m_LightProbeVolumeOverride: {fileID: 0}
  m_ScaleInLightmap: 1
  m_ReceiveGI: 1
  m_PreserveUVs: 0
  m_IgnoreNormalsForChartDetection: 0
  m_ImportantGI: 0
  m_StitchLightmapSeams: 1
  m_SelectedEditorRenderState: 3
  m_MinimumChartSize: 4
  m_AutoUVMaxDistance: 0.5
  m_AutoUVMaxAngle: 89
  m_LightmapParameters: {fileID: 0}
  m_SortingLayerID: 0
  m_SortingLayer: 0
  m_SortingOrder: 0
  m_AdditionalVertexStreams: {fileID: 0}
--- !u!20 &1107674752 stripped
Camera:
  m_CorrespondingSourceObject: {fileID: 7444295108678386786, guid: 27e5bb77c77671c4a89c9886c9aed6be, type: 3}
  m_PrefabInstance: {fileID: 1979535682}
  m_PrefabAsset: {fileID: 0}
--- !u!4 &1174949706 stripped
Transform:
  m_CorrespondingSourceObject: {fileID: 1918535388673064338, guid: 7dc06a6eda630c941bc7d53f6331b7fa, type: 3}
  m_PrefabInstance: {fileID: 1918535387632366296}
  m_PrefabAsset: {fileID: 0}
--- !u!4 &1229293177 stripped
Transform:
  m_CorrespondingSourceObject: {fileID: 7444295109578703136, guid: 27e5bb77c77671c4a89c9886c9aed6be, type: 3}
  m_PrefabInstance: {fileID: 1979535682}
  m_PrefabAsset: {fileID: 0}
--- !u!1001 &1261219906
PrefabInstance:
  m_ObjectHideFlags: 0
  serializedVersion: 2
  m_Modification:
    m_TransformParent: {fileID: 0}
    m_Modifications:
    - target: {fileID: 789729002845311632, guid: 7824e07bd285f3045b069b249f728456, type: 3}
      propertyPath: m_Name
      value: TeleportArea
      objectReference: {fileID: 0}
    - target: {fileID: 4372704421193048195, guid: 7824e07bd285f3045b069b249f728456, type: 3}
      propertyPath: m_RootOrder
      value: 4
      objectReference: {fileID: 0}
    - target: {fileID: 4372704421193048195, guid: 7824e07bd285f3045b069b249f728456, type: 3}
      propertyPath: m_LocalPosition.x
      value: 0
      objectReference: {fileID: 0}
    - target: {fileID: 4372704421193048195, guid: 7824e07bd285f3045b069b249f728456, type: 3}
      propertyPath: m_LocalPosition.y
      value: 0.1
      objectReference: {fileID: 0}
    - target: {fileID: 4372704421193048195, guid: 7824e07bd285f3045b069b249f728456, type: 3}
      propertyPath: m_LocalPosition.z
      value: 0
      objectReference: {fileID: 0}
    - target: {fileID: 4372704421193048195, guid: 7824e07bd285f3045b069b249f728456, type: 3}
      propertyPath: m_LocalRotation.w
      value: 1
      objectReference: {fileID: 0}
    - target: {fileID: 4372704421193048195, guid: 7824e07bd285f3045b069b249f728456, type: 3}
      propertyPath: m_LocalRotation.x
      value: 0
      objectReference: {fileID: 0}
    - target: {fileID: 4372704421193048195, guid: 7824e07bd285f3045b069b249f728456, type: 3}
      propertyPath: m_LocalRotation.y
      value: 0
      objectReference: {fileID: 0}
    - target: {fileID: 4372704421193048195, guid: 7824e07bd285f3045b069b249f728456, type: 3}
      propertyPath: m_LocalRotation.z
      value: 0
      objectReference: {fileID: 0}
    - target: {fileID: 4372704421193048195, guid: 7824e07bd285f3045b069b249f728456, type: 3}
      propertyPath: m_LocalEulerAnglesHint.x
      value: 0
      objectReference: {fileID: 0}
    - target: {fileID: 4372704421193048195, guid: 7824e07bd285f3045b069b249f728456, type: 3}
      propertyPath: m_LocalEulerAnglesHint.y
      value: 0
      objectReference: {fileID: 0}
    - target: {fileID: 4372704421193048195, guid: 7824e07bd285f3045b069b249f728456, type: 3}
      propertyPath: m_LocalEulerAnglesHint.z
      value: 0
      objectReference: {fileID: 0}
    m_RemovedComponents: []
  m_SourcePrefab: {fileID: 100100000, guid: 7824e07bd285f3045b069b249f728456, type: 3}
--- !u!1001 &1282464453
PrefabInstance:
  m_ObjectHideFlags: 0
  serializedVersion: 2
  m_Modification:
    m_TransformParent: {fileID: 0}
    m_Modifications:
    - target: {fileID: 5365670656318257170, guid: 1e6c49e437dfd7540a11381cb9700c43, type: 3}
      propertyPath: m_Name
      value: Floor
      objectReference: {fileID: 0}
    - target: {fileID: 5365670656318257182, guid: 1e6c49e437dfd7540a11381cb9700c43, type: 3}
      propertyPath: m_RootOrder
      value: 3
      objectReference: {fileID: 0}
    - target: {fileID: 5365670656318257182, guid: 1e6c49e437dfd7540a11381cb9700c43, type: 3}
      propertyPath: m_LocalPosition.x
      value: 0
      objectReference: {fileID: 0}
    - target: {fileID: 5365670656318257182, guid: 1e6c49e437dfd7540a11381cb9700c43, type: 3}
      propertyPath: m_LocalPosition.y
      value: -0.5
      objectReference: {fileID: 0}
    - target: {fileID: 5365670656318257182, guid: 1e6c49e437dfd7540a11381cb9700c43, type: 3}
      propertyPath: m_LocalPosition.z
      value: 0
      objectReference: {fileID: 0}
    - target: {fileID: 5365670656318257182, guid: 1e6c49e437dfd7540a11381cb9700c43, type: 3}
      propertyPath: m_LocalRotation.w
      value: 1
      objectReference: {fileID: 0}
    - target: {fileID: 5365670656318257182, guid: 1e6c49e437dfd7540a11381cb9700c43, type: 3}
      propertyPath: m_LocalRotation.x
      value: 0
      objectReference: {fileID: 0}
    - target: {fileID: 5365670656318257182, guid: 1e6c49e437dfd7540a11381cb9700c43, type: 3}
      propertyPath: m_LocalRotation.y
      value: 0
      objectReference: {fileID: 0}
    - target: {fileID: 5365670656318257182, guid: 1e6c49e437dfd7540a11381cb9700c43, type: 3}
      propertyPath: m_LocalRotation.z
      value: 0
      objectReference: {fileID: 0}
    - target: {fileID: 5365670656318257182, guid: 1e6c49e437dfd7540a11381cb9700c43, type: 3}
      propertyPath: m_LocalEulerAnglesHint.x
      value: 0
      objectReference: {fileID: 0}
    - target: {fileID: 5365670656318257182, guid: 1e6c49e437dfd7540a11381cb9700c43, type: 3}
      propertyPath: m_LocalEulerAnglesHint.y
      value: 0
      objectReference: {fileID: 0}
    - target: {fileID: 5365670656318257182, guid: 1e6c49e437dfd7540a11381cb9700c43, type: 3}
      propertyPath: m_LocalEulerAnglesHint.z
      value: 0
      objectReference: {fileID: 0}
    m_RemovedComponents: []
  m_SourcePrefab: {fileID: 100100000, guid: 1e6c49e437dfd7540a11381cb9700c43, type: 3}
--- !u!1 &1599993196
GameObject:
  m_ObjectHideFlags: 0
  m_CorrespondingSourceObject: {fileID: 0}
  m_PrefabInstance: {fileID: 0}
  m_PrefabAsset: {fileID: 0}
  serializedVersion: 6
  m_Component:
  - component: {fileID: 1599993197}
  - component: {fileID: 1599993198}
  - component: {fileID: 1599993200}
  - component: {fileID: 1599993199}
  - component: {fileID: 1599993202}
  - component: {fileID: 1599993201}
  m_Layer: 0
  m_Name: Hand
  m_TagString: Untagged
  m_Icon: {fileID: 0}
  m_NavMeshLayer: 0
  m_StaticEditorFlags: 0
  m_IsActive: 1
--- !u!4 &1599993197
Transform:
  m_ObjectHideFlags: 0
  m_CorrespondingSourceObject: {fileID: 0}
  m_PrefabInstance: {fileID: 0}
  m_PrefabAsset: {fileID: 0}
  m_GameObject: {fileID: 1599993196}
  m_LocalRotation: {x: -0, y: -0, z: -0, w: 1}
  m_LocalPosition: {x: 0, y: 0, z: 0}
  m_LocalScale: {x: 0.1, y: 0.1, z: 0.1}
  m_Children: []
  m_Father: {fileID: 1797311477}
  m_RootOrder: 0
  m_LocalEulerAnglesHint: {x: 0, y: 0, z: 0}
--- !u!135 &1599993198
SphereCollider:
  m_ObjectHideFlags: 0
  m_CorrespondingSourceObject: {fileID: 0}
  m_PrefabInstance: {fileID: 0}
  m_PrefabAsset: {fileID: 0}
  m_GameObject: {fileID: 1599993196}
  m_Material: {fileID: 0}
  m_IsTrigger: 1
  m_Enabled: 1
  serializedVersion: 2
  m_Radius: 0.5
  m_Center: {x: 0, y: 0, z: 0}
--- !u!114 &1599993199
MonoBehaviour:
  m_ObjectHideFlags: 0
  m_CorrespondingSourceObject: {fileID: 0}
  m_PrefabInstance: {fileID: 0}
  m_PrefabAsset: {fileID: 0}
  m_GameObject: {fileID: 1599993196}
  m_Enabled: 1
  m_EditorHideFlags: 0
  m_Script: {fileID: 11500000, guid: a1d0505774e340e4ba5757870777b787, type: 3}
  m_Name: 
  m_EditorClassIdentifier: 
  interactionTag: Grabbable
  grabAction: {fileID: -2490543547849466018, guid: c348712bda248c246b8c49b3db54643f, type: 3}
--- !u!54 &1599993200
Rigidbody:
  m_ObjectHideFlags: 0
  m_CorrespondingSourceObject: {fileID: 0}
  m_PrefabInstance: {fileID: 0}
  m_PrefabAsset: {fileID: 0}
  m_GameObject: {fileID: 1599993196}
  serializedVersion: 2
  m_Mass: 1
  m_Drag: 0
  m_AngularDrag: 0.05
  m_UseGravity: 1
  m_IsKinematic: 1
  m_Interpolate: 0
  m_Constraints: 0
  m_CollisionDetection: 0
--- !u!33 &1599993201
MeshFilter:
  m_ObjectHideFlags: 0
  m_CorrespondingSourceObject: {fileID: 0}
  m_PrefabInstance: {fileID: 0}
  m_PrefabAsset: {fileID: 0}
  m_GameObject: {fileID: 1599993196}
  m_Mesh: {fileID: 10207, guid: 0000000000000000e000000000000000, type: 0}
--- !u!23 &1599993202
MeshRenderer:
  m_ObjectHideFlags: 0
  m_CorrespondingSourceObject: {fileID: 0}
  m_PrefabInstance: {fileID: 0}
  m_PrefabAsset: {fileID: 0}
  m_GameObject: {fileID: 1599993196}
  m_Enabled: 0
  m_CastShadows: 1
  m_ReceiveShadows: 1
  m_DynamicOccludee: 1
  m_MotionVectors: 1
  m_LightProbeUsage: 1
  m_ReflectionProbeUsage: 1
  m_RayTracingMode: 2
  m_RayTraceProcedural: 0
  m_RenderingLayerMask: 1
  m_RendererPriority: 0
  m_Materials:
  - {fileID: 2100000, guid: ed3d7827a5b76a54dac34e25e12d0600, type: 2}
  m_StaticBatchInfo:
    firstSubMesh: 0
    subMeshCount: 0
  m_StaticBatchRoot: {fileID: 0}
  m_ProbeAnchor: {fileID: 0}
  m_LightProbeVolumeOverride: {fileID: 0}
  m_ScaleInLightmap: 1
  m_ReceiveGI: 1
  m_PreserveUVs: 0
  m_IgnoreNormalsForChartDetection: 0
  m_ImportantGI: 0
  m_StitchLightmapSeams: 1
  m_SelectedEditorRenderState: 3
  m_MinimumChartSize: 4
  m_AutoUVMaxDistance: 0.5
  m_AutoUVMaxAngle: 89
  m_LightmapParameters: {fileID: 0}
  m_SortingLayerID: 0
  m_SortingLayer: 0
  m_SortingOrder: 0
  m_AdditionalVertexStreams: {fileID: 0}
--- !u!4 &1797311477 stripped
Transform:
  m_CorrespondingSourceObject: {fileID: 7444295109348994697, guid: 27e5bb77c77671c4a89c9886c9aed6be, type: 3}
  m_PrefabInstance: {fileID: 1979535682}
  m_PrefabAsset: {fileID: 0}
--- !u!1 &1971905003
GameObject:
  m_ObjectHideFlags: 0
  m_CorrespondingSourceObject: {fileID: 0}
  m_PrefabInstance: {fileID: 0}
  m_PrefabAsset: {fileID: 0}
  serializedVersion: 6
  m_Component:
  - component: {fileID: 1971905004}
  m_Layer: 0
  m_Name: Target
  m_TagString: Untagged
  m_Icon: {fileID: 0}
  m_NavMeshLayer: 0
  m_StaticEditorFlags: 0
  m_IsActive: 1
--- !u!4 &1971905004
Transform:
  m_ObjectHideFlags: 0
  m_CorrespondingSourceObject: {fileID: 0}
  m_PrefabInstance: {fileID: 0}
  m_PrefabAsset: {fileID: 0}
  m_GameObject: {fileID: 1971905003}
  m_LocalRotation: {x: -0.7071068, y: -0, z: -0, w: 0.7071067}
  m_LocalPosition: {x: 5.5480213, y: 1.4895911, z: 5.3145}
  m_LocalScale: {x: 1, y: 1, z: 1}
  m_Children: []
  m_Father: {fileID: 0}
  m_RootOrder: 5
  m_LocalEulerAnglesHint: {x: 0, y: 0, z: 0}
--- !u!1001 &1979535682
PrefabInstance:
  m_ObjectHideFlags: 0
  serializedVersion: 2
  m_Modification:
    m_TransformParent: {fileID: 1555702474851268058}
    m_Modifications:
    - target: {fileID: 1703097462968314321, guid: 27e5bb77c77671c4a89c9886c9aed6be, type: 3}
      propertyPath: m_Name
      value: XRRig (1)
      objectReference: {fileID: 0}
    - target: {fileID: 1703097462968314321, guid: 27e5bb77c77671c4a89c9886c9aed6be, type: 3}
      propertyPath: m_IsActive
      value: 1
      objectReference: {fileID: 0}
    - target: {fileID: 1703097462968314322, guid: 27e5bb77c77671c4a89c9886c9aed6be, type: 3}
      propertyPath: m_RootOrder
      value: 2
      objectReference: {fileID: 0}
    - target: {fileID: 1703097462968314322, guid: 27e5bb77c77671c4a89c9886c9aed6be, type: 3}
      propertyPath: m_LocalPosition.x
      value: 6.13
      objectReference: {fileID: 0}
    - target: {fileID: 1703097462968314322, guid: 27e5bb77c77671c4a89c9886c9aed6be, type: 3}
      propertyPath: m_LocalPosition.y
      value: 0
      objectReference: {fileID: 0}
    - target: {fileID: 1703097462968314322, guid: 27e5bb77c77671c4a89c9886c9aed6be, type: 3}
      propertyPath: m_LocalPosition.z
      value: 4.16
      objectReference: {fileID: 0}
    - target: {fileID: 1703097462968314322, guid: 27e5bb77c77671c4a89c9886c9aed6be, type: 3}
      propertyPath: m_LocalRotation.w
      value: 1
      objectReference: {fileID: 0}
    - target: {fileID: 1703097462968314322, guid: 27e5bb77c77671c4a89c9886c9aed6be, type: 3}
      propertyPath: m_LocalRotation.x
      value: -0
      objectReference: {fileID: 0}
    - target: {fileID: 1703097462968314322, guid: 27e5bb77c77671c4a89c9886c9aed6be, type: 3}
      propertyPath: m_LocalRotation.y
      value: -0
      objectReference: {fileID: 0}
    - target: {fileID: 1703097462968314322, guid: 27e5bb77c77671c4a89c9886c9aed6be, type: 3}
      propertyPath: m_LocalRotation.z
      value: -0
      objectReference: {fileID: 0}
    - target: {fileID: 1703097462968314322, guid: 27e5bb77c77671c4a89c9886c9aed6be, type: 3}
      propertyPath: m_LocalEulerAnglesHint.x
      value: 0
      objectReference: {fileID: 0}
    - target: {fileID: 1703097462968314322, guid: 27e5bb77c77671c4a89c9886c9aed6be, type: 3}
      propertyPath: m_LocalEulerAnglesHint.y
      value: 0
      objectReference: {fileID: 0}
    - target: {fileID: 1703097462968314322, guid: 27e5bb77c77671c4a89c9886c9aed6be, type: 3}
      propertyPath: m_LocalEulerAnglesHint.z
      value: 0
      objectReference: {fileID: 0}
    m_RemovedComponents: []
  m_SourcePrefab: {fileID: 100100000, guid: 27e5bb77c77671c4a89c9886c9aed6be, type: 3}
--- !u!4 &1979535683 stripped
Transform:
  m_CorrespondingSourceObject: {fileID: 1703097462968314322, guid: 27e5bb77c77671c4a89c9886c9aed6be, type: 3}
  m_PrefabInstance: {fileID: 1979535682}
  m_PrefabAsset: {fileID: 0}
--- !u!1001 &2080716804
PrefabInstance:
  m_ObjectHideFlags: 0
  serializedVersion: 2
  m_Modification:
    m_TransformParent: {fileID: 0}
    m_Modifications:
    - target: {fileID: 864657089472864752, guid: 41b5c48139f9e4c43a4ad170d5f17512, type: 3}
      propertyPath: m_SelectExited.m_PersistentCalls.m_Calls.Array.size
      value: 0
      objectReference: {fileID: 0}
    - target: {fileID: 864657089472864752, guid: 41b5c48139f9e4c43a4ad170d5f17512, type: 3}
      propertyPath: m_SelectExited.m_PersistentCalls.m_Calls.Array.data[0].m_Mode
      value: 1
      objectReference: {fileID: 0}
    - target: {fileID: 864657089472864752, guid: 41b5c48139f9e4c43a4ad170d5f17512, type: 3}
      propertyPath: m_SelectExited.m_PersistentCalls.m_Calls.Array.data[0].m_Target
      value: 
      objectReference: {fileID: 0}
    - target: {fileID: 864657089472864752, guid: 41b5c48139f9e4c43a4ad170d5f17512, type: 3}
      propertyPath: m_SelectExited.m_PersistentCalls.m_Calls.Array.data[0].m_CallState
      value: 2
      objectReference: {fileID: 0}
    - target: {fileID: 864657089472864752, guid: 41b5c48139f9e4c43a4ad170d5f17512, type: 3}
      propertyPath: m_SelectExited.m_PersistentCalls.m_Calls.Array.data[0].m_MethodName
      value: OnTeleported
      objectReference: {fileID: 0}
    - target: {fileID: 864657089472864752, guid: 41b5c48139f9e4c43a4ad170d5f17512, type: 3}
      propertyPath: m_SelectExited.m_PersistentCalls.m_Calls.Array.data[0].m_TargetAssemblyTypeName
      value: PWS.Tutorial.TeleportationListener, PWS.Tutorial
      objectReference: {fileID: 0}
    - target: {fileID: 864657089472864752, guid: 41b5c48139f9e4c43a4ad170d5f17512, type: 3}
      propertyPath: m_SelectExited.m_PersistentCalls.m_Calls.Array.data[0].m_Arguments.m_ObjectArgumentAssemblyTypeName
      value: UnityEngine.Object, UnityEngine
      objectReference: {fileID: 0}
    - target: {fileID: 3233899852271096547, guid: 41b5c48139f9e4c43a4ad170d5f17512, type: 3}
      propertyPath: m_IsActive
      value: 0
      objectReference: {fileID: 0}
    - target: {fileID: 3233899852271096556, guid: 41b5c48139f9e4c43a4ad170d5f17512, type: 3}
      propertyPath: m_PresetInfoIsWorld
      value: 1
      objectReference: {fileID: 0}
    - target: {fileID: 3233899852435822280, guid: 41b5c48139f9e4c43a4ad170d5f17512, type: 3}
      propertyPath: m_RootOrder
      value: 2
      objectReference: {fileID: 0}
    - target: {fileID: 3233899852435822280, guid: 41b5c48139f9e4c43a4ad170d5f17512, type: 3}
      propertyPath: m_LocalPosition.x
      value: 0
      objectReference: {fileID: 0}
    - target: {fileID: 3233899852435822280, guid: 41b5c48139f9e4c43a4ad170d5f17512, type: 3}
      propertyPath: m_LocalPosition.y
      value: -1
      objectReference: {fileID: 0}
    - target: {fileID: 3233899852435822280, guid: 41b5c48139f9e4c43a4ad170d5f17512, type: 3}
      propertyPath: m_LocalPosition.z
      value: 6
      objectReference: {fileID: 0}
    - target: {fileID: 3233899852435822280, guid: 41b5c48139f9e4c43a4ad170d5f17512, type: 3}
      propertyPath: m_LocalRotation.w
      value: 1
      objectReference: {fileID: 0}
    - target: {fileID: 3233899852435822280, guid: 41b5c48139f9e4c43a4ad170d5f17512, type: 3}
      propertyPath: m_LocalRotation.x
      value: 0
      objectReference: {fileID: 0}
    - target: {fileID: 3233899852435822280, guid: 41b5c48139f9e4c43a4ad170d5f17512, type: 3}
      propertyPath: m_LocalRotation.y
      value: 0
      objectReference: {fileID: 0}
    - target: {fileID: 3233899852435822280, guid: 41b5c48139f9e4c43a4ad170d5f17512, type: 3}
      propertyPath: m_LocalRotation.z
      value: 0
      objectReference: {fileID: 0}
    - target: {fileID: 3233899852435822280, guid: 41b5c48139f9e4c43a4ad170d5f17512, type: 3}
      propertyPath: m_LocalEulerAnglesHint.x
      value: 0
      objectReference: {fileID: 0}
    - target: {fileID: 3233899852435822280, guid: 41b5c48139f9e4c43a4ad170d5f17512, type: 3}
      propertyPath: m_LocalEulerAnglesHint.y
      value: 0
      objectReference: {fileID: 0}
    - target: {fileID: 3233899852435822280, guid: 41b5c48139f9e4c43a4ad170d5f17512, type: 3}
      propertyPath: m_LocalEulerAnglesHint.z
      value: 0
      objectReference: {fileID: 0}
    - target: {fileID: 3233899852435822281, guid: 41b5c48139f9e4c43a4ad170d5f17512, type: 3}
      propertyPath: m_Name
      value: ComplexInteractions
      objectReference: {fileID: 0}
    m_RemovedComponents: []
  m_SourcePrefab: {fileID: 100100000, guid: 41b5c48139f9e4c43a4ad170d5f17512, type: 3}
--- !u!1001 &2105783806
PrefabInstance:
  m_ObjectHideFlags: 0
  serializedVersion: 2
  m_Modification:
    m_TransformParent: {fileID: 1555702474851268058}
    m_Modifications:
    - target: {fileID: 1830849989937103947, guid: 34a09cd4273803044af2dd9e8ab43e40, type: 3}
      propertyPath: m_Name
      value: QuickMenuInputActionManager (1)
      objectReference: {fileID: 0}
    - target: {fileID: 1830849989937103949, guid: 34a09cd4273803044af2dd9e8ab43e40, type: 3}
      propertyPath: m_RootOrder
      value: 4
      objectReference: {fileID: 0}
    - target: {fileID: 1830849989937103949, guid: 34a09cd4273803044af2dd9e8ab43e40, type: 3}
      propertyPath: m_LocalPosition.x
      value: 0
      objectReference: {fileID: 0}
    - target: {fileID: 1830849989937103949, guid: 34a09cd4273803044af2dd9e8ab43e40, type: 3}
      propertyPath: m_LocalPosition.y
      value: 0
      objectReference: {fileID: 0}
    - target: {fileID: 1830849989937103949, guid: 34a09cd4273803044af2dd9e8ab43e40, type: 3}
      propertyPath: m_LocalPosition.z
      value: 0
      objectReference: {fileID: 0}
    - target: {fileID: 1830849989937103949, guid: 34a09cd4273803044af2dd9e8ab43e40, type: 3}
      propertyPath: m_LocalRotation.w
      value: 1
      objectReference: {fileID: 0}
    - target: {fileID: 1830849989937103949, guid: 34a09cd4273803044af2dd9e8ab43e40, type: 3}
      propertyPath: m_LocalRotation.x
      value: -0
      objectReference: {fileID: 0}
    - target: {fileID: 1830849989937103949, guid: 34a09cd4273803044af2dd9e8ab43e40, type: 3}
      propertyPath: m_LocalRotation.y
      value: -0
      objectReference: {fileID: 0}
    - target: {fileID: 1830849989937103949, guid: 34a09cd4273803044af2dd9e8ab43e40, type: 3}
      propertyPath: m_LocalRotation.z
      value: -0
      objectReference: {fileID: 0}
    - target: {fileID: 1830849989937103949, guid: 34a09cd4273803044af2dd9e8ab43e40, type: 3}
      propertyPath: m_LocalEulerAnglesHint.x
      value: 0
      objectReference: {fileID: 0}
    - target: {fileID: 1830849989937103949, guid: 34a09cd4273803044af2dd9e8ab43e40, type: 3}
      propertyPath: m_LocalEulerAnglesHint.y
      value: 0
      objectReference: {fileID: 0}
    - target: {fileID: 1830849989937103949, guid: 34a09cd4273803044af2dd9e8ab43e40, type: 3}
      propertyPath: m_LocalEulerAnglesHint.z
      value: 0
      objectReference: {fileID: 0}
    m_RemovedComponents: []
  m_SourcePrefab: {fileID: 100100000, guid: 34a09cd4273803044af2dd9e8ab43e40, type: 3}
--- !u!4 &2105783807 stripped
Transform:
  m_CorrespondingSourceObject: {fileID: 1830849989937103949, guid: 34a09cd4273803044af2dd9e8ab43e40, type: 3}
  m_PrefabInstance: {fileID: 2105783806}
  m_PrefabAsset: {fileID: 0}
--- !u!1 &1109342720316766764
GameObject:
  m_ObjectHideFlags: 0
  m_CorrespondingSourceObject: {fileID: 0}
  m_PrefabInstance: {fileID: 0}
  m_PrefabAsset: {fileID: 0}
  serializedVersion: 6
  m_Component:
  - component: {fileID: 1555702474851268058}
  m_Layer: 0
  m_Name: --- Functional ---
  m_TagString: Untagged
  m_Icon: {fileID: 0}
  m_NavMeshLayer: 0
  m_StaticEditorFlags: 0
  m_IsActive: 1
--- !u!4 &1555702474851268058
Transform:
  m_ObjectHideFlags: 0
  m_CorrespondingSourceObject: {fileID: 0}
  m_PrefabInstance: {fileID: 0}
  m_PrefabAsset: {fileID: 0}
  m_GameObject: {fileID: 1109342720316766764}
  m_LocalRotation: {x: 0, y: 0, z: 0, w: 1}
  m_LocalPosition: {x: 0, y: 0, z: 0}
  m_LocalScale: {x: 1, y: 1, z: 1}
  m_Children:
  - {fileID: 1000535609}
  - {fileID: 8367009807176853385}
  - {fileID: 1979535683}
  - {fileID: 492067057}
  - {fileID: 2105783807}
  m_Father: {fileID: 0}
  m_RootOrder: 0
  m_LocalEulerAnglesHint: {x: 0, y: 0, z: 0}
--- !u!1001 &1918535387632366296
PrefabInstance:
  m_ObjectHideFlags: 0
  serializedVersion: 2
  m_Modification:
    m_TransformParent: {fileID: 0}
    m_Modifications:
    - target: {fileID: 1918535387412155671, guid: 7dc06a6eda630c941bc7d53f6331b7fa, type: 3}
      propertyPath: endPosition
      value: 
      objectReference: {fileID: 1971905004}
    - target: {fileID: 1918535388363562815, guid: 7dc06a6eda630c941bc7d53f6331b7fa, type: 3}
      propertyPath: endPosition
      value: 
      objectReference: {fileID: 1971905004}
    - target: {fileID: 1918535388522861291, guid: 7dc06a6eda630c941bc7d53f6331b7fa, type: 3}
      propertyPath: m_Camera
      value: 
      objectReference: {fileID: 1107674752}
    - target: {fileID: 1918535388543218796, guid: 7dc06a6eda630c941bc7d53f6331b7fa, type: 3}
      propertyPath: m_InteractionManager
      value: 
      objectReference: {fileID: 333268809}
    - target: {fileID: 1918535388641907250, guid: 7dc06a6eda630c941bc7d53f6331b7fa, type: 3}
      propertyPath: m_Name
      value: Woodcutting Workspace
      objectReference: {fileID: 0}
    - target: {fileID: 1918535388641907251, guid: 7dc06a6eda630c941bc7d53f6331b7fa, type: 3}
      propertyPath: m_RootOrder
      value: 6
      objectReference: {fileID: 0}
    - target: {fileID: 1918535388641907251, guid: 7dc06a6eda630c941bc7d53f6331b7fa, type: 3}
      propertyPath: m_LocalPosition.x
      value: 0
      objectReference: {fileID: 0}
    - target: {fileID: 1918535388641907251, guid: 7dc06a6eda630c941bc7d53f6331b7fa, type: 3}
      propertyPath: m_LocalPosition.y
      value: 0
      objectReference: {fileID: 0}
    - target: {fileID: 1918535388641907251, guid: 7dc06a6eda630c941bc7d53f6331b7fa, type: 3}
      propertyPath: m_LocalPosition.z
      value: 0
      objectReference: {fileID: 0}
    - target: {fileID: 1918535388641907251, guid: 7dc06a6eda630c941bc7d53f6331b7fa, type: 3}
      propertyPath: m_LocalRotation.w
      value: 1
      objectReference: {fileID: 0}
    - target: {fileID: 1918535388641907251, guid: 7dc06a6eda630c941bc7d53f6331b7fa, type: 3}
      propertyPath: m_LocalRotation.x
      value: 0
      objectReference: {fileID: 0}
    - target: {fileID: 1918535388641907251, guid: 7dc06a6eda630c941bc7d53f6331b7fa, type: 3}
      propertyPath: m_LocalRotation.y
      value: 0
      objectReference: {fileID: 0}
    - target: {fileID: 1918535388641907251, guid: 7dc06a6eda630c941bc7d53f6331b7fa, type: 3}
      propertyPath: m_LocalRotation.z
      value: 0
      objectReference: {fileID: 0}
    - target: {fileID: 1918535388641907251, guid: 7dc06a6eda630c941bc7d53f6331b7fa, type: 3}
      propertyPath: m_LocalEulerAnglesHint.x
      value: 0
      objectReference: {fileID: 0}
    - target: {fileID: 1918535388641907251, guid: 7dc06a6eda630c941bc7d53f6331b7fa, type: 3}
      propertyPath: m_LocalEulerAnglesHint.y
      value: 0
      objectReference: {fileID: 0}
    - target: {fileID: 1918535388641907251, guid: 7dc06a6eda630c941bc7d53f6331b7fa, type: 3}
      propertyPath: m_LocalEulerAnglesHint.z
      value: 0
      objectReference: {fileID: 0}
    - target: {fileID: 7062567388251937328, guid: 7dc06a6eda630c941bc7d53f6331b7fa, type: 3}
      propertyPath: endPosition
      value: 
      objectReference: {fileID: 1971905004}
    - target: {fileID: 8760868773851058241, guid: 7dc06a6eda630c941bc7d53f6331b7fa, type: 3}
      propertyPath: m_InteractionManager
      value: 
      objectReference: {fileID: 333268809}
    - target: {fileID: 8760868775471724465, guid: 7dc06a6eda630c941bc7d53f6331b7fa, type: 3}
      propertyPath: m_InteractionManager
      value: 
      objectReference: {fileID: 333268809}
    m_RemovedComponents: []
  m_SourcePrefab: {fileID: 100100000, guid: 7dc06a6eda630c941bc7d53f6331b7fa, type: 3}
--- !u!4 &3263802158181304183
Transform:
  m_ObjectHideFlags: 0
  m_CorrespondingSourceObject: {fileID: 0}
  m_PrefabInstance: {fileID: 0}
  m_PrefabAsset: {fileID: 0}
  m_GameObject: {fileID: 6478996104265866909}
  m_LocalRotation: {x: 0, y: 0, z: 0, w: 1}
  m_LocalPosition: {x: 0, y: 0, z: 0}
  m_LocalScale: {x: 1, y: 1, z: 1}
  m_Children: []
  m_Father: {fileID: 1000535609}
  m_RootOrder: 0
  m_LocalEulerAnglesHint: {x: 0, y: 0, z: 0}
--- !u!4 &5627744596148737766
Transform:
  m_ObjectHideFlags: 0
  m_CorrespondingSourceObject: {fileID: 0}
  m_PrefabInstance: {fileID: 0}
  m_PrefabAsset: {fileID: 0}
  m_GameObject: {fileID: 8885231896456185547}
  m_LocalRotation: {x: 0, y: 0, z: 0, w: 1}
  m_LocalPosition: {x: 0, y: 0, z: 0}
  m_LocalScale: {x: 1, y: 1, z: 1}
  m_Children: []
  m_Father: {fileID: 1000535609}
  m_RootOrder: 1
  m_LocalEulerAnglesHint: {x: 0, y: 0, z: 0}
--- !u!1 &6478996104265866909
GameObject:
  m_ObjectHideFlags: 0
  m_CorrespondingSourceObject: {fileID: 0}
  m_PrefabInstance: {fileID: 0}
  m_PrefabAsset: {fileID: 0}
  serializedVersion: 6
  m_Component:
  - component: {fileID: 3263802158181304183}
  - component: {fileID: 8683488887163562150}
  m_Layer: 0
  m_Name: Services
  m_TagString: Untagged
  m_Icon: {fileID: 0}
  m_NavMeshLayer: 0
  m_StaticEditorFlags: 0
  m_IsActive: 1
--- !u!114 &7268811171504797193
MonoBehaviour:
  m_ObjectHideFlags: 0
  m_CorrespondingSourceObject: {fileID: 0}
  m_PrefabInstance: {fileID: 0}
  m_PrefabAsset: {fileID: 0}
  m_GameObject: {fileID: 8885231896456185547}
  m_Enabled: 1
  m_EditorHideFlags: 0
  m_Script: {fileID: 11500000, guid: 5b52177175442654b8d67d862fe9386d, type: 3}
  m_Name: 
  m_EditorClassIdentifier: 
  _systemProviders:
  - {fileID: 11400000, guid: 238cc4aa5cceecc42b4cf8ad80973c76, type: 2}
  - {fileID: 11400000, guid: 581cdec8d73ba49908818cd5409e19d3, type: 2}
  - {fileID: 11400000, guid: 706e4e03e534f450c983ac97ec89a1f3, type: 2}
  - {fileID: 11400000, guid: a4ee894ddfc954ff1bfb54d01c6bc8d3, type: 2}
  - {fileID: 8885231896456185549}
  - {fileID: 8885231896456185548}
  _fixedUpdateSystemProviders: []
--- !u!114 &8367009807176853384
MonoBehaviour:
  m_ObjectHideFlags: 0
  m_CorrespondingSourceObject: {fileID: 0}
  m_PrefabInstance: {fileID: 0}
  m_PrefabAsset: {fileID: 0}
  m_GameObject: {fileID: 8367009807176853398}
  m_Enabled: 1
  m_EditorHideFlags: 0
  m_Script: {fileID: 11500000, guid: 76c392e42b5098c458856cdf6ecaaaa1, type: 3}
  m_Name: 
  m_EditorClassIdentifier: 
  m_FirstSelected: {fileID: 0}
  m_sendNavigationEvents: 1
  m_DragThreshold: 10
--- !u!4 &8367009807176853385
Transform:
  m_ObjectHideFlags: 0
  m_CorrespondingSourceObject: {fileID: 0}
  m_PrefabInstance: {fileID: 0}
  m_PrefabAsset: {fileID: 0}
  m_GameObject: {fileID: 8367009807176853398}
  m_LocalRotation: {x: -0, y: -0, z: -0, w: 1}
  m_LocalPosition: {x: 0, y: 0, z: 0}
  m_LocalScale: {x: 1, y: 1, z: 1}
  m_Children: []
  m_Father: {fileID: 1555702474851268058}
  m_RootOrder: 1
  m_LocalEulerAnglesHint: {x: 0, y: 0, z: 0}
--- !u!114 &8367009807176853386
MonoBehaviour:
  m_ObjectHideFlags: 0
  m_CorrespondingSourceObject: {fileID: 0}
  m_PrefabInstance: {fileID: 0}
  m_PrefabAsset: {fileID: 0}
  m_GameObject: {fileID: 8367009807176853398}
  m_Enabled: 1
  m_EditorHideFlags: 0
  m_Script: {fileID: 11500000, guid: ab68ce6587aab0146b8dabefbd806791, type: 3}
  m_Name: 
  m_EditorClassIdentifier: 
  m_ClickSpeed: 0.3
  m_MoveDeadzone: 0.6
  m_RepeatDelay: 0.5
  m_RepeatRate: 0.1
  m_TrackedDeviceDragThresholdMultiplier: 2
  m_MaxTrackedDeviceRaycastDistance: 1000
  m_EnableXRInput: 1
  m_EnableMouseInput: 1
  m_EnableTouchInput: 1
--- !u!1 &8367009807176853398
GameObject:
  m_ObjectHideFlags: 0
  m_CorrespondingSourceObject: {fileID: 0}
  m_PrefabInstance: {fileID: 0}
  m_PrefabAsset: {fileID: 0}
  serializedVersion: 6
  m_Component:
  - component: {fileID: 8367009807176853385}
  - component: {fileID: 8367009807176853384}
  - component: {fileID: 8367009807176853386}
  m_Layer: 0
  m_Name: EventSystem
  m_TagString: Untagged
  m_Icon: {fileID: 0}
  m_NavMeshLayer: 0
  m_StaticEditorFlags: 0
  m_IsActive: 1
--- !u!114 &8683488887163562150
MonoBehaviour:
  m_ObjectHideFlags: 0
  m_CorrespondingSourceObject: {fileID: 0}
  m_PrefabInstance: {fileID: 0}
  m_PrefabAsset: {fileID: 0}
  m_GameObject: {fileID: 6478996104265866909}
  m_Enabled: 1
  m_EditorHideFlags: 0
  m_Script: {fileID: 11500000, guid: 89b09de303ca4462b3ffc548a2348069, type: 3}
  m_Name: 
  m_EditorClassIdentifier: 
  _monoInstallers: []
  _monoComponents: []
  _soInstallers: []
  _soComponents: []
  _useCustomTopContainer: 0
  _topContainer: {fileID: 0}
--- !u!1 &8885231896456185547
GameObject:
  m_ObjectHideFlags: 0
  m_CorrespondingSourceObject: {fileID: 0}
  m_PrefabInstance: {fileID: 0}
  m_PrefabAsset: {fileID: 0}
  serializedVersion: 6
  m_Component:
  - component: {fileID: 5627744596148737766}
  - component: {fileID: 7268811171504797193}
  - component: {fileID: 8885231896456185549}
  - component: {fileID: 8885231896456185548}
  m_Layer: 0
  m_Name: Simulation
  m_TagString: Untagged
  m_Icon: {fileID: 0}
  m_NavMeshLayer: 0
  m_StaticEditorFlags: 0
  m_IsActive: 1
--- !u!114 &8885231896456185548
MonoBehaviour:
  m_ObjectHideFlags: 0
  m_CorrespondingSourceObject: {fileID: 0}
  m_PrefabInstance: {fileID: 0}
  m_PrefabAsset: {fileID: 0}
  m_GameObject: {fileID: 8885231896456185547}
  m_Enabled: 1
  m_EditorHideFlags: 0
  m_Script: {fileID: 11500000, guid: bef68da6492f77f49bd86ba31172f39a, type: 3}
  m_Name: 
  m_EditorClassIdentifier: 
  _gameMode: 0
  _stageConstants: {fileID: 11400000, guid: 8e7b295e9ef8d0348a17018e75a72064, type: 2}
  _rotateTowardPlayer: {fileID: 1174949706}
--- !u!114 &8885231896456185549
MonoBehaviour:
  m_ObjectHideFlags: 0
  m_CorrespondingSourceObject: {fileID: 0}
  m_PrefabInstance: {fileID: 0}
  m_PrefabAsset: {fileID: 0}
  m_GameObject: {fileID: 8885231896456185547}
  m_Enabled: 1
  m_EditorHideFlags: 0
  m_Script: {fileID: 11500000, guid: 08b6c7521fd7542f1a064299d910a8dc, type: 3}
  m_Name: 
  m_EditorClassIdentifier: 
  _initState: {fileID: 11400000, guid: 97a4f7cb704e6504aa71a8f073c3b067, type: 2}
