%YAML 1.1
%TAG !u! tag:unity3d.com,2011:
--- !u!114 &4725360469864937343
MonoBehaviour:
  m_ObjectHideFlags: 0
  m_CorrespondingSourceObject: {fileID: 0}
  m_PrefabInstance: {fileID: 0}
  m_PrefabAsset: {fileID: 0}
  m_GameObject: {fileID: 1384100762018585880}
  m_Enabled: 1
  m_EditorHideFlags: 0
  m_Script: {fileID: 11500000, guid: 6e0ebd2ebb607dd49a3b18242be85354, type: 3}
  m_Name: 
  m_EditorClassIdentifier: 
  _rigidbody: {fileID: 3020680982752938287}
  _collider: {fileID: 2583559143657827665}
--- !u!54 &3020680982752938287
Rigidbody:
  m_ObjectHideFlags: 0
  m_CorrespondingSourceObject: {fileID: 0}
  m_PrefabInstance: {fileID: 0}
  m_PrefabAsset: {fileID: 0}
  m_GameObject: {fileID: 1384100762018585880}
  serializedVersion: 2
  m_Mass: 1
  m_Drag: 0
  m_AngularDrag: 0.05
  m_UseGravity: 1
  m_IsKinematic: 1
  m_Interpolate: 0
  m_Constraints: 0
  m_CollisionDetection: 0
--- !u!64 &2583559143657827665
MeshCollider:
  m_ObjectHideFlags: 0
  m_CorrespondingSourceObject: {fileID: 0}
  m_PrefabInstance: {fileID: 0}
  m_PrefabAsset: {fileID: 0}
  m_GameObject: {fileID: 1384100762018585880}
  m_Material: {fileID: 0}
  m_IsTrigger: 0
  m_Enabled: 0
  serializedVersion: 4
  m_Convex: 1
  m_CookingOptions: 30
  m_Mesh: {fileID: -7094014691829108092, guid: d3a4151e932b3454a84b544a331ec359, type: 3}
--- !u!54 &2349669407376542701
Rigidbody:
  m_ObjectHideFlags: 0
  m_CorrespondingSourceObject: {fileID: 0}
  m_PrefabInstance: {fileID: 0}
  m_PrefabAsset: {fileID: 0}
  m_GameObject: {fileID: 7788998775929941946}
  serializedVersion: 2
  m_Mass: 1
  m_Drag: 0
  m_AngularDrag: 0.05
  m_UseGravity: 1
  m_IsKinematic: 1
  m_Interpolate: 0
  m_Constraints: 0
  m_CollisionDetection: 0
--- !u!65 &598557687464161334
BoxCollider:
  m_ObjectHideFlags: 0
  m_CorrespondingSourceObject: {fileID: 0}
  m_PrefabInstance: {fileID: 0}
  m_PrefabAsset: {fileID: 0}
  m_GameObject: {fileID: 7788998775929941946}
  m_Material: {fileID: 0}
  m_IsTrigger: 0
  m_Enabled: 0
  serializedVersion: 2
  m_Size: {x: 0.006000012, y: 0.030000001, z: 0.0059088236}
  m_Center: {x: 0, y: 0, z: 0}
--- !u!114 &6852459076441451604
MonoBehaviour:
  m_ObjectHideFlags: 0
  m_CorrespondingSourceObject: {fileID: 0}
  m_PrefabInstance: {fileID: 0}
  m_PrefabAsset: {fileID: 0}
  m_GameObject: {fileID: 3808550199637385508}
  m_Enabled: 1
  m_EditorHideFlags: 0
  m_Script: {fileID: 11500000, guid: 6e0ebd2ebb607dd49a3b18242be85354, type: 3}
  m_Name: 
  m_EditorClassIdentifier: 
  _rigidbody: {fileID: 2128865206166785255}
  _collider: {fileID: 3267942403614792382}
--- !u!54 &2128865206166785255
Rigidbody:
  m_ObjectHideFlags: 0
  m_CorrespondingSourceObject: {fileID: 0}
  m_PrefabInstance: {fileID: 0}
  m_PrefabAsset: {fileID: 0}
  m_GameObject: {fileID: 3808550199637385508}
  serializedVersion: 2
  m_Mass: 1
  m_Drag: 0
  m_AngularDrag: 0.05
  m_UseGravity: 1
  m_IsKinematic: 1
  m_Interpolate: 0
  m_Constraints: 0
  m_CollisionDetection: 0
--- !u!64 &3267942403614792382
MeshCollider:
  m_ObjectHideFlags: 0
  m_CorrespondingSourceObject: {fileID: 0}
  m_PrefabInstance: {fileID: 0}
  m_PrefabAsset: {fileID: 0}
  m_GameObject: {fileID: 3808550199637385508}
  m_Material: {fileID: 0}
  m_IsTrigger: 0
  m_Enabled: 0
  serializedVersion: 4
  m_Convex: 1
  m_CookingOptions: 30
  m_Mesh: {fileID: 641007024067362419, guid: d3a4151e932b3454a84b544a331ec359, type: 3}
--- !u!54 &384806107305122532
Rigidbody:
  m_ObjectHideFlags: 0
  m_CorrespondingSourceObject: {fileID: 0}
  m_PrefabInstance: {fileID: 0}
  m_PrefabAsset: {fileID: 0}
  m_GameObject: {fileID: 8714524205390845273}
  serializedVersion: 2
  m_Mass: 1
  m_Drag: 0
  m_AngularDrag: 0.05
  m_UseGravity: 1
  m_IsKinematic: 1
  m_Interpolate: 0
  m_Constraints: 0
  m_CollisionDetection: 0
--- !u!65 &6410643703415484273
BoxCollider:
  m_ObjectHideFlags: 0
  m_CorrespondingSourceObject: {fileID: 0}
  m_PrefabInstance: {fileID: 0}
  m_PrefabAsset: {fileID: 0}
  m_GameObject: {fileID: 8714524205390845273}
  m_Material: {fileID: 0}
  m_IsTrigger: 0
  m_Enabled: 0
  serializedVersion: 2
  m_Size: {x: 0.006000012, y: 0.030000001, z: 0.0059088203}
  m_Center: {x: 0, y: 0, z: 0}
--- !u!114 &1017468177860979575
MonoBehaviour:
  m_ObjectHideFlags: 0
  m_CorrespondingSourceObject: {fileID: 0}
  m_PrefabInstance: {fileID: 0}
  m_PrefabAsset: {fileID: 0}
  m_GameObject: {fileID: 2243955667309682637}
  m_Enabled: 1
  m_EditorHideFlags: 0
  m_Script: {fileID: 11500000, guid: 6e0ebd2ebb607dd49a3b18242be85354, type: 3}
  m_Name: 
  m_EditorClassIdentifier: 
  _rigidbody: {fileID: 6795806557940376976}
  _collider: {fileID: 8072632953712045250}
--- !u!54 &6795806557940376976
Rigidbody:
  m_ObjectHideFlags: 0
  m_CorrespondingSourceObject: {fileID: 0}
  m_PrefabInstance: {fileID: 0}
  m_PrefabAsset: {fileID: 0}
  m_GameObject: {fileID: 2243955667309682637}
  serializedVersion: 2
  m_Mass: 1
  m_Drag: 0
  m_AngularDrag: 0.05
  m_UseGravity: 1
  m_IsKinematic: 1
  m_Interpolate: 0
  m_Constraints: 0
  m_CollisionDetection: 0
--- !u!64 &8072632953712045250
MeshCollider:
  m_ObjectHideFlags: 0
  m_CorrespondingSourceObject: {fileID: 0}
  m_PrefabInstance: {fileID: 0}
  m_PrefabAsset: {fileID: 0}
  m_GameObject: {fileID: 2243955667309682637}
  m_Material: {fileID: 0}
  m_IsTrigger: 0
  m_Enabled: 0
  serializedVersion: 4
  m_Convex: 1
  m_CookingOptions: 30
  m_Mesh: {fileID: 3078827097419498629, guid: d3a4151e932b3454a84b544a331ec359, type: 3}
--- !u!54 &4216414028883965469
Rigidbody:
  m_ObjectHideFlags: 0
  m_CorrespondingSourceObject: {fileID: 0}
  m_PrefabInstance: {fileID: 0}
  m_PrefabAsset: {fileID: 0}
  m_GameObject: {fileID: 5623634165128370449}
  serializedVersion: 2
  m_Mass: 1
  m_Drag: 0
  m_AngularDrag: 0.05
  m_UseGravity: 1
  m_IsKinematic: 1
  m_Interpolate: 0
  m_Constraints: 0
  m_CollisionDetection: 0
--- !u!65 &1140763347235883900
BoxCollider:
  m_ObjectHideFlags: 0
  m_CorrespondingSourceObject: {fileID: 0}
  m_PrefabInstance: {fileID: 0}
  m_PrefabAsset: {fileID: 0}
  m_GameObject: {fileID: 5623634165128370449}
  m_Material: {fileID: 0}
  m_IsTrigger: 0
  m_Enabled: 0
  serializedVersion: 2
  m_Size: {x: 0.006000012, y: 0.030000001, z: 0.0059088203}
  m_Center: {x: 0, y: 5.551115e-17, z: 0}
--- !u!114 &4887113315364929299
MonoBehaviour:
  m_ObjectHideFlags: 0
  m_CorrespondingSourceObject: {fileID: 0}
  m_PrefabInstance: {fileID: 0}
  m_PrefabAsset: {fileID: 0}
  m_GameObject: {fileID: 3012633238687239892}
  m_Enabled: 1
  m_EditorHideFlags: 0
  m_Script: {fileID: 11500000, guid: 6e0ebd2ebb607dd49a3b18242be85354, type: 3}
  m_Name: 
  m_EditorClassIdentifier: 
  _rigidbody: {fileID: 8819400779478758995}
  _collider: {fileID: 8627329250488878909}
--- !u!54 &8819400779478758995
Rigidbody:
  m_ObjectHideFlags: 0
  m_CorrespondingSourceObject: {fileID: 0}
  m_PrefabInstance: {fileID: 0}
  m_PrefabAsset: {fileID: 0}
  m_GameObject: {fileID: 3012633238687239892}
  serializedVersion: 2
  m_Mass: 1
  m_Drag: 0
  m_AngularDrag: 0.05
  m_UseGravity: 1
  m_IsKinematic: 1
  m_Interpolate: 0
  m_Constraints: 0
  m_CollisionDetection: 0
--- !u!64 &8627329250488878909
MeshCollider:
  m_ObjectHideFlags: 0
  m_CorrespondingSourceObject: {fileID: 0}
  m_PrefabInstance: {fileID: 0}
  m_PrefabAsset: {fileID: 0}
  m_GameObject: {fileID: 3012633238687239892}
  m_Material: {fileID: 0}
  m_IsTrigger: 0
  m_Enabled: 0
  serializedVersion: 4
  m_Convex: 1
  m_CookingOptions: 30
  m_Mesh: {fileID: 2485055055402237132, guid: d3a4151e932b3454a84b544a331ec359, type: 3}
--- !u!54 &4319113722545269455
Rigidbody:
  m_ObjectHideFlags: 0
  m_CorrespondingSourceObject: {fileID: 0}
  m_PrefabInstance: {fileID: 0}
  m_PrefabAsset: {fileID: 0}
  m_GameObject: {fileID: 6476008865034435779}
  serializedVersion: 2
  m_Mass: 1
  m_Drag: 0
  m_AngularDrag: 0.05
  m_UseGravity: 1
  m_IsKinematic: 1
  m_Interpolate: 0
  m_Constraints: 0
  m_CollisionDetection: 0
--- !u!65 &3187491311104579360
BoxCollider:
  m_ObjectHideFlags: 0
  m_CorrespondingSourceObject: {fileID: 0}
  m_PrefabInstance: {fileID: 0}
  m_PrefabAsset: {fileID: 0}
  m_GameObject: {fileID: 6476008865034435779}
  m_Material: {fileID: 0}
  m_IsTrigger: 0
  m_Enabled: 0
  serializedVersion: 2
  m_Size: {x: 0.006000012, y: 0.030000001, z: 0.0059088203}
  m_Center: {x: 0, y: 5.551115e-17, z: 0}
--- !u!114 &2657088315392085240
MonoBehaviour:
  m_ObjectHideFlags: 0
  m_CorrespondingSourceObject: {fileID: 0}
  m_PrefabInstance: {fileID: 0}
  m_PrefabAsset: {fileID: 0}
  m_GameObject: {fileID: 3362060426146083298}
  m_Enabled: 1
  m_EditorHideFlags: 0
  m_Script: {fileID: 11500000, guid: 6e0ebd2ebb607dd49a3b18242be85354, type: 3}
  m_Name: 
  m_EditorClassIdentifier: 
  _rigidbody: {fileID: 8848170164842392268}
  _collider: {fileID: 8744850461104332406}
--- !u!54 &8848170164842392268
Rigidbody:
  m_ObjectHideFlags: 0
  m_CorrespondingSourceObject: {fileID: 0}
  m_PrefabInstance: {fileID: 0}
  m_PrefabAsset: {fileID: 0}
  m_GameObject: {fileID: 3362060426146083298}
  serializedVersion: 2
  m_Mass: 1
  m_Drag: 0
  m_AngularDrag: 0.05
  m_UseGravity: 1
  m_IsKinematic: 1
  m_Interpolate: 0
  m_Constraints: 0
  m_CollisionDetection: 0
--- !u!64 &8744850461104332406
MeshCollider:
  m_ObjectHideFlags: 0
  m_CorrespondingSourceObject: {fileID: 0}
  m_PrefabInstance: {fileID: 0}
  m_PrefabAsset: {fileID: 0}
  m_GameObject: {fileID: 3362060426146083298}
  m_Material: {fileID: 0}
  m_IsTrigger: 0
  m_Enabled: 0
  serializedVersion: 4
  m_Convex: 1
  m_CookingOptions: 30
  m_Mesh: {fileID: -8697874700199278360, guid: d3a4151e932b3454a84b544a331ec359, type: 3}
--- !u!114 &2809693139348447903
MonoBehaviour:
  m_ObjectHideFlags: 0
  m_CorrespondingSourceObject: {fileID: 0}
  m_PrefabInstance: {fileID: 0}
  m_PrefabAsset: {fileID: 0}
  m_GameObject: {fileID: 6886563951315574699}
  m_Enabled: 1
  m_EditorHideFlags: 0
  m_Script: {fileID: 11500000, guid: 6e0ebd2ebb607dd49a3b18242be85354, type: 3}
  m_Name: 
  m_EditorClassIdentifier: 
  _rigidbody: {fileID: 4382873643612019417}
  _collider: {fileID: 2885147354288629311}
--- !u!54 &4382873643612019417
Rigidbody:
  m_ObjectHideFlags: 0
  m_CorrespondingSourceObject: {fileID: 0}
  m_PrefabInstance: {fileID: 0}
  m_PrefabAsset: {fileID: 0}
  m_GameObject: {fileID: 6886563951315574699}
  serializedVersion: 2
  m_Mass: 1
  m_Drag: 0
  m_AngularDrag: 0.05
  m_UseGravity: 1
  m_IsKinematic: 1
  m_Interpolate: 0
  m_Constraints: 0
  m_CollisionDetection: 0
--- !u!64 &2885147354288629311
MeshCollider:
  m_ObjectHideFlags: 0
  m_CorrespondingSourceObject: {fileID: 0}
  m_PrefabInstance: {fileID: 0}
  m_PrefabAsset: {fileID: 0}
  m_GameObject: {fileID: 6886563951315574699}
  m_Material: {fileID: 0}
  m_IsTrigger: 0
  m_Enabled: 0
  serializedVersion: 4
  m_Convex: 1
  m_CookingOptions: 30
  m_Mesh: {fileID: -1573522490378117137, guid: d3a4151e932b3454a84b544a331ec359, type: 3}
--- !u!114 &3260015166458928553
MonoBehaviour:
  m_ObjectHideFlags: 0
  m_CorrespondingSourceObject: {fileID: 0}
  m_PrefabInstance: {fileID: 0}
  m_PrefabAsset: {fileID: 0}
  m_GameObject: {fileID: 5095514777606392716}
  m_Enabled: 1
  m_EditorHideFlags: 0
  m_Script: {fileID: 11500000, guid: 6e0ebd2ebb607dd49a3b18242be85354, type: 3}
  m_Name: 
  m_EditorClassIdentifier: 
  _rigidbody: {fileID: 9189758545690193061}
  _collider: {fileID: 8445002474002034907}
--- !u!54 &9189758545690193061
Rigidbody:
  m_ObjectHideFlags: 0
  m_CorrespondingSourceObject: {fileID: 0}
  m_PrefabInstance: {fileID: 0}
  m_PrefabAsset: {fileID: 0}
  m_GameObject: {fileID: 5095514777606392716}
  serializedVersion: 2
  m_Mass: 1
  m_Drag: 0
  m_AngularDrag: 0.05
  m_UseGravity: 1
  m_IsKinematic: 1
  m_Interpolate: 0
  m_Constraints: 0
  m_CollisionDetection: 0
--- !u!64 &8445002474002034907
MeshCollider:
  m_ObjectHideFlags: 0
  m_CorrespondingSourceObject: {fileID: 0}
  m_PrefabInstance: {fileID: 0}
  m_PrefabAsset: {fileID: 0}
  m_GameObject: {fileID: 5095514777606392716}
  m_Material: {fileID: 0}
  m_IsTrigger: 0
  m_Enabled: 0
  serializedVersion: 4
  m_Convex: 1
  m_CookingOptions: 30
  m_Mesh: {fileID: -8449661927483792125, guid: d3a4151e932b3454a84b544a331ec359, type: 3}
--- !u!114 &1565480910036004545
MonoBehaviour:
  m_ObjectHideFlags: 0
  m_CorrespondingSourceObject: {fileID: 0}
  m_PrefabInstance: {fileID: 0}
  m_PrefabAsset: {fileID: 0}
  m_GameObject: {fileID: 4231298369271034109}
  m_Enabled: 1
  m_EditorHideFlags: 0
  m_Script: {fileID: 11500000, guid: 0c3ea44eef20b0b4396ebe666c9a6eeb, type: 3}
  m_Name: 
  m_EditorClassIdentifier: 
  customRenderer: {fileID: 0}
  textureResolution: 4
  extendsIslandOffset: 0.15
--- !u!64 &712426698869165249
MeshCollider:
  m_ObjectHideFlags: 0
  m_CorrespondingSourceObject: {fileID: 0}
  m_PrefabInstance: {fileID: 0}
  m_PrefabAsset: {fileID: 0}
  m_GameObject: {fileID: 7284894015867385718}
  m_Material: {fileID: 0}
  m_IsTrigger: 0
  m_Enabled: 1
  serializedVersion: 4
  m_Convex: 0
  m_CookingOptions: 30
  m_Mesh: {fileID: -4331657275338700086, guid: d3a4151e932b3454a84b544a331ec359, type: 3}
--- !u!64 &170228628499795813
MeshCollider:
  m_ObjectHideFlags: 0
  m_CorrespondingSourceObject: {fileID: 0}
  m_PrefabInstance: {fileID: 0}
  m_PrefabAsset: {fileID: 0}
  m_GameObject: {fileID: 1732946713745259666}
  m_Material: {fileID: 0}
  m_IsTrigger: 0
  m_Enabled: 1
  serializedVersion: 4
  m_Convex: 0
  m_CookingOptions: 30
  m_Mesh: {fileID: -1483768296430770542, guid: d3a4151e932b3454a84b544a331ec359, type: 3}
--- !u!1001 &3135331588746604
PrefabInstance:
  m_ObjectHideFlags: 0
  serializedVersion: 2
  m_Modification:
    m_TransformParent: {fileID: 8917677565277457352}
    m_Modifications:
    - target: {fileID: 299579926811496707, guid: a60dad920f973ef47a56a55ab7a4c5eb, type: 3}
      propertyPath: m_Name
      value: DrillZone1
      objectReference: {fileID: 0}
    - target: {fileID: 5546204518371930970, guid: a60dad920f973ef47a56a55ab7a4c5eb, type: 3}
      propertyPath: _target
      value: 
      objectReference: {fileID: 8714524205390845273}
    - target: {fileID: 5616278134645749563, guid: a60dad920f973ef47a56a55ab7a4c5eb, type: 3}
      propertyPath: m_RootOrder
      value: 1
      objectReference: {fileID: 0}
    - target: {fileID: 5616278134645749563, guid: a60dad920f973ef47a56a55ab7a4c5eb, type: 3}
      propertyPath: m_LocalPosition.x
      value: 0.13100001
      objectReference: {fileID: 0}
    - target: {fileID: 5616278134645749563, guid: a60dad920f973ef47a56a55ab7a4c5eb, type: 3}
      propertyPath: m_LocalPosition.y
      value: -4.6566545e-10
      objectReference: {fileID: 0}
    - target: {fileID: 5616278134645749563, guid: a60dad920f973ef47a56a55ab7a4c5eb, type: 3}
      propertyPath: m_LocalPosition.z
      value: -0.0002174573
      objectReference: {fileID: 0}
    - target: {fileID: 5616278134645749563, guid: a60dad920f973ef47a56a55ab7a4c5eb, type: 3}
      propertyPath: m_LocalRotation.w
      value: 1
      objectReference: {fileID: 0}
    - target: {fileID: 5616278134645749563, guid: a60dad920f973ef47a56a55ab7a4c5eb, type: 3}
      propertyPath: m_LocalRotation.x
      value: 0.000000021855694
      objectReference: {fileID: 0}
    - target: {fileID: 5616278134645749563, guid: a60dad920f973ef47a56a55ab7a4c5eb, type: 3}
      propertyPath: m_LocalRotation.y
      value: -0
      objectReference: {fileID: 0}
    - target: {fileID: 5616278134645749563, guid: a60dad920f973ef47a56a55ab7a4c5eb, type: 3}
      propertyPath: m_LocalRotation.z
      value: -0
      objectReference: {fileID: 0}
    - target: {fileID: 5616278134645749563, guid: a60dad920f973ef47a56a55ab7a4c5eb, type: 3}
      propertyPath: m_LocalEulerAnglesHint.x
      value: 0
      objectReference: {fileID: 0}
    - target: {fileID: 5616278134645749563, guid: a60dad920f973ef47a56a55ab7a4c5eb, type: 3}
      propertyPath: m_LocalEulerAnglesHint.y
      value: 0
      objectReference: {fileID: 0}
    - target: {fileID: 5616278134645749563, guid: a60dad920f973ef47a56a55ab7a4c5eb, type: 3}
      propertyPath: m_LocalEulerAnglesHint.z
      value: 0
      objectReference: {fileID: 0}
    m_RemovedComponents: []
  m_SourcePrefab: {fileID: 100100000, guid: a60dad920f973ef47a56a55ab7a4c5eb, type: 3}
--- !u!1001 &1380619303061943410
PrefabInstance:
  m_ObjectHideFlags: 0
  serializedVersion: 2
  m_Modification:
    m_TransformParent: {fileID: 1999054004531007675}
    m_Modifications:
    - target: {fileID: 1041169334180894229, guid: 625bc8e2020555c45bca1019699d0569, type: 3}
      propertyPath: m_Name
      value: 0
      objectReference: {fileID: 0}
    - target: {fileID: 4322275452205688778, guid: 625bc8e2020555c45bca1019699d0569, type: 3}
      propertyPath: m_RootOrder
      value: 0
      objectReference: {fileID: 0}
    - target: {fileID: 4322275452205688778, guid: 625bc8e2020555c45bca1019699d0569, type: 3}
      propertyPath: m_LocalPosition.x
      value: -0.14590104
      objectReference: {fileID: 0}
    - target: {fileID: 4322275452205688778, guid: 625bc8e2020555c45bca1019699d0569, type: 3}
      propertyPath: m_LocalPosition.y
      value: -4.7394083e-10
      objectReference: {fileID: 0}
    - target: {fileID: 4322275452205688778, guid: 625bc8e2020555c45bca1019699d0569, type: 3}
      propertyPath: m_LocalPosition.z
      value: -0.00066370296
      objectReference: {fileID: 0}
    - target: {fileID: 4322275452205688778, guid: 625bc8e2020555c45bca1019699d0569, type: 3}
      propertyPath: m_LocalRotation.w
      value: 1
      objectReference: {fileID: 0}
    - target: {fileID: 4322275452205688778, guid: 625bc8e2020555c45bca1019699d0569, type: 3}
      propertyPath: m_LocalRotation.x
      value: 0.00000008146034
      objectReference: {fileID: 0}
    - target: {fileID: 4322275452205688778, guid: 625bc8e2020555c45bca1019699d0569, type: 3}
      propertyPath: m_LocalRotation.y
      value: -0
      objectReference: {fileID: 0}
    - target: {fileID: 4322275452205688778, guid: 625bc8e2020555c45bca1019699d0569, type: 3}
      propertyPath: m_LocalRotation.z
      value: -0
      objectReference: {fileID: 0}
    - target: {fileID: 4322275452205688778, guid: 625bc8e2020555c45bca1019699d0569, type: 3}
      propertyPath: m_LocalEulerAnglesHint.x
      value: 0
      objectReference: {fileID: 0}
    - target: {fileID: 4322275452205688778, guid: 625bc8e2020555c45bca1019699d0569, type: 3}
      propertyPath: m_LocalEulerAnglesHint.y
      value: 0
      objectReference: {fileID: 0}
    - target: {fileID: 4322275452205688778, guid: 625bc8e2020555c45bca1019699d0569, type: 3}
      propertyPath: m_LocalEulerAnglesHint.z
      value: 0
      objectReference: {fileID: 0}
    m_RemovedComponents: []
  m_SourcePrefab: {fileID: 100100000, guid: 625bc8e2020555c45bca1019699d0569, type: 3}
--- !u!4 &2941764729440408504 stripped
Transform:
  m_CorrespondingSourceObject: {fileID: 4322275452205688778, guid: 625bc8e2020555c45bca1019699d0569, type: 3}
  m_PrefabInstance: {fileID: 1380619303061943410}
  m_PrefabAsset: {fileID: 0}
--- !u!1001 &3531264251051347393
PrefabInstance:
  m_ObjectHideFlags: 0
  serializedVersion: 2
  m_Modification:
    m_TransformParent: {fileID: 8917677565277457352}
    m_Modifications:
    - target: {fileID: 299579926811496707, guid: a60dad920f973ef47a56a55ab7a4c5eb, type: 3}
      propertyPath: m_Name
      value: DrillZone0
      objectReference: {fileID: 0}
    - target: {fileID: 5546204518371930970, guid: a60dad920f973ef47a56a55ab7a4c5eb, type: 3}
      propertyPath: _target
      value: 
      objectReference: {fileID: 7788998775929941946}
    - target: {fileID: 5616278134645749563, guid: a60dad920f973ef47a56a55ab7a4c5eb, type: 3}
      propertyPath: m_RootOrder
      value: 0
      objectReference: {fileID: 0}
    - target: {fileID: 5616278134645749563, guid: a60dad920f973ef47a56a55ab7a4c5eb, type: 3}
      propertyPath: m_LocalPosition.x
      value: -0.14590104
      objectReference: {fileID: 0}
    - target: {fileID: 5616278134645749563, guid: a60dad920f973ef47a56a55ab7a4c5eb, type: 3}
      propertyPath: m_LocalPosition.y
      value: -4.7394083e-10
      objectReference: {fileID: 0}
    - target: {fileID: 5616278134645749563, guid: a60dad920f973ef47a56a55ab7a4c5eb, type: 3}
      propertyPath: m_LocalPosition.z
      value: -0.00066370296
      objectReference: {fileID: 0}
    - target: {fileID: 5616278134645749563, guid: a60dad920f973ef47a56a55ab7a4c5eb, type: 3}
      propertyPath: m_LocalRotation.w
      value: 1
      objectReference: {fileID: 0}
    - target: {fileID: 5616278134645749563, guid: a60dad920f973ef47a56a55ab7a4c5eb, type: 3}
      propertyPath: m_LocalRotation.x
      value: 0.00000008146034
      objectReference: {fileID: 0}
    - target: {fileID: 5616278134645749563, guid: a60dad920f973ef47a56a55ab7a4c5eb, type: 3}
      propertyPath: m_LocalRotation.y
      value: -0
      objectReference: {fileID: 0}
    - target: {fileID: 5616278134645749563, guid: a60dad920f973ef47a56a55ab7a4c5eb, type: 3}
      propertyPath: m_LocalRotation.z
      value: -0
      objectReference: {fileID: 0}
    - target: {fileID: 5616278134645749563, guid: a60dad920f973ef47a56a55ab7a4c5eb, type: 3}
      propertyPath: m_LocalEulerAnglesHint.x
      value: 0
      objectReference: {fileID: 0}
    - target: {fileID: 5616278134645749563, guid: a60dad920f973ef47a56a55ab7a4c5eb, type: 3}
      propertyPath: m_LocalEulerAnglesHint.y
      value: 0
      objectReference: {fileID: 0}
    - target: {fileID: 5616278134645749563, guid: a60dad920f973ef47a56a55ab7a4c5eb, type: 3}
      propertyPath: m_LocalEulerAnglesHint.z
      value: 0
      objectReference: {fileID: 0}
    m_RemovedComponents: []
  m_SourcePrefab: {fileID: 100100000, guid: a60dad920f973ef47a56a55ab7a4c5eb, type: 3}
--- !u!1001 &3747454323201297964
PrefabInstance:
  m_ObjectHideFlags: 0
  serializedVersion: 2
  m_Modification:
    m_TransformParent: {fileID: 637630631707252825}
    m_Modifications:
    - target: {fileID: 1041169334180894229, guid: 625bc8e2020555c45bca1019699d0569, type: 3}
      propertyPath: m_Name
      value: 0
      objectReference: {fileID: 0}
    - target: {fileID: 4322275452205688778, guid: 625bc8e2020555c45bca1019699d0569, type: 3}
      propertyPath: m_RootOrder
      value: 0
      objectReference: {fileID: 0}
    - target: {fileID: 4322275452205688778, guid: 625bc8e2020555c45bca1019699d0569, type: 3}
      propertyPath: m_LocalPosition.x
      value: -0.14590104
      objectReference: {fileID: 0}
    - target: {fileID: 4322275452205688778, guid: 625bc8e2020555c45bca1019699d0569, type: 3}
      propertyPath: m_LocalPosition.y
      value: -4.7394083e-10
      objectReference: {fileID: 0}
    - target: {fileID: 4322275452205688778, guid: 625bc8e2020555c45bca1019699d0569, type: 3}
      propertyPath: m_LocalPosition.z
      value: -0.00066370296
      objectReference: {fileID: 0}
    - target: {fileID: 4322275452205688778, guid: 625bc8e2020555c45bca1019699d0569, type: 3}
      propertyPath: m_LocalRotation.w
      value: 1
      objectReference: {fileID: 0}
    - target: {fileID: 4322275452205688778, guid: 625bc8e2020555c45bca1019699d0569, type: 3}
      propertyPath: m_LocalRotation.x
      value: 0.00000008146034
      objectReference: {fileID: 0}
    - target: {fileID: 4322275452205688778, guid: 625bc8e2020555c45bca1019699d0569, type: 3}
      propertyPath: m_LocalRotation.y
      value: -0
      objectReference: {fileID: 0}
    - target: {fileID: 4322275452205688778, guid: 625bc8e2020555c45bca1019699d0569, type: 3}
      propertyPath: m_LocalRotation.z
      value: -0
      objectReference: {fileID: 0}
    - target: {fileID: 4322275452205688778, guid: 625bc8e2020555c45bca1019699d0569, type: 3}
      propertyPath: m_LocalEulerAnglesHint.x
      value: 0
      objectReference: {fileID: 0}
    - target: {fileID: 4322275452205688778, guid: 625bc8e2020555c45bca1019699d0569, type: 3}
      propertyPath: m_LocalEulerAnglesHint.y
      value: 0
      objectReference: {fileID: 0}
    - target: {fileID: 4322275452205688778, guid: 625bc8e2020555c45bca1019699d0569, type: 3}
      propertyPath: m_LocalEulerAnglesHint.z
      value: 0
      objectReference: {fileID: 0}
    m_RemovedComponents: []
  m_SourcePrefab: {fileID: 100100000, guid: 625bc8e2020555c45bca1019699d0569, type: 3}
--- !u!4 &1151354999917652454 stripped
Transform:
  m_CorrespondingSourceObject: {fileID: 4322275452205688778, guid: 625bc8e2020555c45bca1019699d0569, type: 3}
  m_PrefabInstance: {fileID: 3747454323201297964}
  m_PrefabAsset: {fileID: 0}
--- !u!1001 &4374270596371295200
PrefabInstance:
  m_ObjectHideFlags: 0
  serializedVersion: 2
  m_Modification:
    m_TransformParent: {fileID: 5179078896085468447}
    m_Modifications:
    - target: {fileID: -9106692117956256921, guid: d3a4151e932b3454a84b544a331ec359, type: 3}
      propertyPath: m_Materials.Array.data[0]
      value: 
      objectReference: {fileID: 2100000, guid: 9c7d87795e1647f4588eeaec887f720c, type: 2}
    - target: {fileID: -8896726899979178573, guid: d3a4151e932b3454a84b544a331ec359, type: 3}
      propertyPath: m_Materials.Array.data[0]
      value: 
      objectReference: {fileID: 2100000, guid: 9c7d87795e1647f4588eeaec887f720c, type: 2}
    - target: {fileID: -8740914979337464791, guid: d3a4151e932b3454a84b544a331ec359, type: 3}
      propertyPath: m_Materials.Array.data[0]
      value: 
      objectReference: {fileID: 2100000, guid: 9c7d87795e1647f4588eeaec887f720c, type: 2}
    - target: {fileID: -8679921383154817045, guid: d3a4151e932b3454a84b544a331ec359, type: 3}
      propertyPath: m_RootOrder
      value: 5
      objectReference: {fileID: 0}
    - target: {fileID: -8679921383154817045, guid: d3a4151e932b3454a84b544a331ec359, type: 3}
      propertyPath: m_LocalPosition.x
      value: 0
      objectReference: {fileID: 0}
    - target: {fileID: -8679921383154817045, guid: d3a4151e932b3454a84b544a331ec359, type: 3}
      propertyPath: m_LocalPosition.y
      value: 0
      objectReference: {fileID: 0}
    - target: {fileID: -8679921383154817045, guid: d3a4151e932b3454a84b544a331ec359, type: 3}
      propertyPath: m_LocalPosition.z
      value: 0
      objectReference: {fileID: 0}
    - target: {fileID: -8679921383154817045, guid: d3a4151e932b3454a84b544a331ec359, type: 3}
      propertyPath: m_LocalRotation.w
      value: 1
      objectReference: {fileID: 0}
    - target: {fileID: -8679921383154817045, guid: d3a4151e932b3454a84b544a331ec359, type: 3}
      propertyPath: m_LocalRotation.x
      value: 0
      objectReference: {fileID: 0}
    - target: {fileID: -8679921383154817045, guid: d3a4151e932b3454a84b544a331ec359, type: 3}
      propertyPath: m_LocalRotation.y
      value: 0
      objectReference: {fileID: 0}
    - target: {fileID: -8679921383154817045, guid: d3a4151e932b3454a84b544a331ec359, type: 3}
      propertyPath: m_LocalRotation.z
      value: 0
      objectReference: {fileID: 0}
    - target: {fileID: -8679921383154817045, guid: d3a4151e932b3454a84b544a331ec359, type: 3}
      propertyPath: m_LocalEulerAnglesHint.x
      value: 0
      objectReference: {fileID: 0}
    - target: {fileID: -8679921383154817045, guid: d3a4151e932b3454a84b544a331ec359, type: 3}
      propertyPath: m_LocalEulerAnglesHint.y
      value: 0
      objectReference: {fileID: 0}
    - target: {fileID: -8679921383154817045, guid: d3a4151e932b3454a84b544a331ec359, type: 3}
      propertyPath: m_LocalEulerAnglesHint.z
      value: 0
      objectReference: {fileID: 0}
    - target: {fileID: -8304165988336708371, guid: d3a4151e932b3454a84b544a331ec359, type: 3}
      propertyPath: m_Materials.Array.data[0]
      value: 
      objectReference: {fileID: 2100000, guid: 9c7d87795e1647f4588eeaec887f720c, type: 2}
    - target: {fileID: -7348826070393677134, guid: d3a4151e932b3454a84b544a331ec359, type: 3}
      propertyPath: m_Materials.Array.data[0]
      value: 
      objectReference: {fileID: 2100000, guid: 9c7d87795e1647f4588eeaec887f720c, type: 2}
    - target: {fileID: -6178014873827384741, guid: d3a4151e932b3454a84b544a331ec359, type: 3}
      propertyPath: m_Materials.Array.data[0]
      value: 
      objectReference: {fileID: 2100000, guid: 9c7d87795e1647f4588eeaec887f720c, type: 2}
    - target: {fileID: -5635648308888094064, guid: d3a4151e932b3454a84b544a331ec359, type: 3}
      propertyPath: m_IsActive
      value: 0
      objectReference: {fileID: 0}
    - target: {fileID: -2794131837753950803, guid: d3a4151e932b3454a84b544a331ec359, type: 3}
      propertyPath: m_IsActive
      value: 0
      objectReference: {fileID: 0}
    - target: {fileID: -2761371308733145962, guid: d3a4151e932b3454a84b544a331ec359, type: 3}
      propertyPath: m_TagString
      value: Paintable
      objectReference: {fileID: 0}
    - target: {fileID: -2580317113794106228, guid: d3a4151e932b3454a84b544a331ec359, type: 3}
      propertyPath: m_Materials.Array.data[0]
      value: 
      objectReference: {fileID: 2100000, guid: 9c7d87795e1647f4588eeaec887f720c, type: 2}
    - target: {fileID: -1584604217131939050, guid: d3a4151e932b3454a84b544a331ec359, type: 3}
      propertyPath: m_Materials.Array.data[0]
      value: 
      objectReference: {fileID: 2100000, guid: 9c7d87795e1647f4588eeaec887f720c, type: 2}
    - target: {fileID: -903850517914804006, guid: d3a4151e932b3454a84b544a331ec359, type: 3}
      propertyPath: m_Materials.Array.data[0]
      value: 
      objectReference: {fileID: 2100000, guid: 9c7d87795e1647f4588eeaec887f720c, type: 2}
    - target: {fileID: -759051106551351196, guid: d3a4151e932b3454a84b544a331ec359, type: 3}
      propertyPath: m_Materials.Array.data[0]
      value: 
      objectReference: {fileID: 2100000, guid: 9c7d87795e1647f4588eeaec887f720c, type: 2}
    - target: {fileID: 600960534130467904, guid: d3a4151e932b3454a84b544a331ec359, type: 3}
      propertyPath: m_IsActive
      value: 0
      objectReference: {fileID: 0}
    - target: {fileID: 919132149155446097, guid: d3a4151e932b3454a84b544a331ec359, type: 3}
      propertyPath: m_Name
      value: View
      objectReference: {fileID: 0}
    - target: {fileID: 1904803775064936024, guid: d3a4151e932b3454a84b544a331ec359, type: 3}
      propertyPath: m_Materials.Array.data[0]
      value: 
      objectReference: {fileID: 2100000, guid: 9c7d87795e1647f4588eeaec887f720c, type: 2}
    - target: {fileID: 2645915585163220850, guid: d3a4151e932b3454a84b544a331ec359, type: 3}
      propertyPath: m_TagString
      value: Paintable
      objectReference: {fileID: 0}
    - target: {fileID: 2863401228860799273, guid: d3a4151e932b3454a84b544a331ec359, type: 3}
      propertyPath: m_Materials.Array.data[0]
      value: 
      objectReference: {fileID: 2100000, guid: 9c7d87795e1647f4588eeaec887f720c, type: 2}
    - target: {fileID: 4422263855929999646, guid: d3a4151e932b3454a84b544a331ec359, type: 3}
      propertyPath: m_Materials.Array.data[0]
      value: 
      objectReference: {fileID: 2100000, guid: 9c7d87795e1647f4588eeaec887f720c, type: 2}
    - target: {fileID: 7136680257301773354, guid: d3a4151e932b3454a84b544a331ec359, type: 3}
      propertyPath: m_Materials.Array.data[0]
      value: 
      objectReference: {fileID: 2100000, guid: 9c7d87795e1647f4588eeaec887f720c, type: 2}
    - target: {fileID: 9145915375881151625, guid: d3a4151e932b3454a84b544a331ec359, type: 3}
      propertyPath: m_IsActive
      value: 0
      objectReference: {fileID: 0}
    m_RemovedComponents: []
  m_SourcePrefab: {fileID: 100100000, guid: d3a4151e932b3454a84b544a331ec359, type: 3}
--- !u!1 &2243955667309682637 stripped
GameObject:
  m_CorrespondingSourceObject: {fileID: -6660641174768683987, guid: d3a4151e932b3454a84b544a331ec359, type: 3}
  m_PrefabInstance: {fileID: 4374270596371295200}
  m_PrefabAsset: {fileID: 0}
--- !u!1 &8714524205390845273 stripped
GameObject:
  m_CorrespondingSourceObject: {fileID: 4919252928322666169, guid: d3a4151e932b3454a84b544a331ec359, type: 3}
  m_PrefabInstance: {fileID: 4374270596371295200}
  m_PrefabAsset: {fileID: 0}
--- !u!1 &6886563951315574699 stripped
GameObject:
  m_CorrespondingSourceObject: {fileID: -2079120949348043701, guid: d3a4151e932b3454a84b544a331ec359, type: 3}
  m_PrefabInstance: {fileID: 4374270596371295200}
  m_PrefabAsset: {fileID: 0}
--- !u!1 &5623634165128370449 stripped
GameObject:
  m_CorrespondingSourceObject: {fileID: -954852644510256399, guid: d3a4151e932b3454a84b544a331ec359, type: 3}
  m_PrefabInstance: {fileID: 4374270596371295200}
  m_PrefabAsset: {fileID: 0}
--- !u!1 &7788998775929941946 stripped
GameObject:
  m_CorrespondingSourceObject: {fileID: 5813182778843595866, guid: d3a4151e932b3454a84b544a331ec359, type: 3}
  m_PrefabInstance: {fileID: 4374270596371295200}
  m_PrefabAsset: {fileID: 0}
--- !u!1 &5095514777606392716 stripped
GameObject:
  m_CorrespondingSourceObject: {fileID: 8791695384035336300, guid: d3a4151e932b3454a84b544a331ec359, type: 3}
  m_PrefabInstance: {fileID: 4374270596371295200}
  m_PrefabAsset: {fileID: 0}
--- !u!1 &1384100762018585880 stripped
GameObject:
  m_CorrespondingSourceObject: {fileID: -5800117757692168456, guid: d3a4151e932b3454a84b544a331ec359, type: 3}
  m_PrefabInstance: {fileID: 4374270596371295200}
  m_PrefabAsset: {fileID: 0}
--- !u!4 &8267857708301781783 stripped
Transform:
  m_CorrespondingSourceObject: {fileID: 5623257785562570999, guid: d3a4151e932b3454a84b544a331ec359, type: 3}
  m_PrefabInstance: {fileID: 4374270596371295200}
  m_PrefabAsset: {fileID: 0}
--- !u!1 &4231298369271034109 stripped
GameObject:
  m_CorrespondingSourceObject: {fileID: -8787630507632141539, guid: d3a4151e932b3454a84b544a331ec359, type: 3}
  m_PrefabInstance: {fileID: 4374270596371295200}
  m_PrefabAsset: {fileID: 0}
--- !u!4 &5595238349317074750 stripped
Transform:
  m_CorrespondingSourceObject: {fileID: 8147786109532390622, guid: d3a4151e932b3454a84b544a331ec359, type: 3}
  m_PrefabInstance: {fileID: 4374270596371295200}
  m_PrefabAsset: {fileID: 0}
--- !u!23 &6248424741055914230 stripped
MeshRenderer:
  m_CorrespondingSourceObject: {fileID: -1584604217131939050, guid: d3a4151e932b3454a84b544a331ec359, type: 3}
  m_PrefabInstance: {fileID: 4374270596371295200}
  m_PrefabAsset: {fileID: 0}
--- !u!1 &1732946713745259666 stripped
GameObject:
  m_CorrespondingSourceObject: {fileID: 2645915585163220850, guid: d3a4151e932b3454a84b544a331ec359, type: 3}
  m_PrefabInstance: {fileID: 4374270596371295200}
  m_PrefabAsset: {fileID: 0}
--- !u!23 &4407335369590943879 stripped
MeshRenderer:
  m_CorrespondingSourceObject: {fileID: -9106692117956256921, guid: d3a4151e932b3454a84b544a331ec359, type: 3}
  m_PrefabInstance: {fileID: 4374270596371295200}
  m_PrefabAsset: {fileID: 0}
--- !u!1 &6476008865034435779 stripped
GameObject:
  m_CorrespondingSourceObject: {fileID: 7308181309091600163, guid: d3a4151e932b3454a84b544a331ec359, type: 3}
  m_PrefabInstance: {fileID: 4374270596371295200}
  m_PrefabAsset: {fileID: 0}
--- !u!1 &3808550199637385508 stripped
GameObject:
  m_CorrespondingSourceObject: {fileID: -8615887652794365244, guid: d3a4151e932b3454a84b544a331ec359, type: 3}
  m_PrefabInstance: {fileID: 4374270596371295200}
  m_PrefabAsset: {fileID: 0}
--- !u!1 &3362060426146083298 stripped
GameObject:
  m_CorrespondingSourceObject: {fileID: -7918181591460849150, guid: d3a4151e932b3454a84b544a331ec359, type: 3}
  m_PrefabInstance: {fileID: 4374270596371295200}
  m_PrefabAsset: {fileID: 0}
--- !u!1 &3012633238687239892 stripped
GameObject:
  m_CorrespondingSourceObject: {fileID: 1547973929918358836, guid: d3a4151e932b3454a84b544a331ec359, type: 3}
  m_PrefabInstance: {fileID: 4374270596371295200}
  m_PrefabAsset: {fileID: 0}
--- !u!1 &7284894015867385718 stripped
GameObject:
  m_CorrespondingSourceObject: {fileID: -2761371308733145962, guid: d3a4151e932b3454a84b544a331ec359, type: 3}
  m_PrefabInstance: {fileID: 4374270596371295200}
  m_PrefabAsset: {fileID: 0}
--- !u!1001 &4554383117214122619
PrefabInstance:
  m_ObjectHideFlags: 0
  serializedVersion: 2
  m_Modification:
    m_TransformParent: {fileID: 1999054004531007675}
    m_Modifications:
    - target: {fileID: 1041169334180894229, guid: 625bc8e2020555c45bca1019699d0569, type: 3}
      propertyPath: m_Name
      value: 1
      objectReference: {fileID: 0}
    - target: {fileID: 4322275452205688778, guid: 625bc8e2020555c45bca1019699d0569, type: 3}
      propertyPath: m_RootOrder
      value: 1
      objectReference: {fileID: 0}
    - target: {fileID: 4322275452205688778, guid: 625bc8e2020555c45bca1019699d0569, type: 3}
      propertyPath: m_LocalPosition.x
      value: 0.13100001
      objectReference: {fileID: 0}
    - target: {fileID: 4322275452205688778, guid: 625bc8e2020555c45bca1019699d0569, type: 3}
      propertyPath: m_LocalPosition.y
      value: -4.6566545e-10
      objectReference: {fileID: 0}
    - target: {fileID: 4322275452205688778, guid: 625bc8e2020555c45bca1019699d0569, type: 3}
      propertyPath: m_LocalPosition.z
      value: -0.0002174573
      objectReference: {fileID: 0}
    - target: {fileID: 4322275452205688778, guid: 625bc8e2020555c45bca1019699d0569, type: 3}
      propertyPath: m_LocalRotation.w
      value: 1
      objectReference: {fileID: 0}
    - target: {fileID: 4322275452205688778, guid: 625bc8e2020555c45bca1019699d0569, type: 3}
      propertyPath: m_LocalRotation.x
      value: 0.000000021855694
      objectReference: {fileID: 0}
    - target: {fileID: 4322275452205688778, guid: 625bc8e2020555c45bca1019699d0569, type: 3}
      propertyPath: m_LocalRotation.y
      value: -0
      objectReference: {fileID: 0}
    - target: {fileID: 4322275452205688778, guid: 625bc8e2020555c45bca1019699d0569, type: 3}
      propertyPath: m_LocalRotation.z
      value: -0
      objectReference: {fileID: 0}
    - target: {fileID: 4322275452205688778, guid: 625bc8e2020555c45bca1019699d0569, type: 3}
      propertyPath: m_LocalEulerAnglesHint.x
      value: 0
      objectReference: {fileID: 0}
    - target: {fileID: 4322275452205688778, guid: 625bc8e2020555c45bca1019699d0569, type: 3}
      propertyPath: m_LocalEulerAnglesHint.y
      value: 0
      objectReference: {fileID: 0}
    - target: {fileID: 4322275452205688778, guid: 625bc8e2020555c45bca1019699d0569, type: 3}
      propertyPath: m_LocalEulerAnglesHint.z
      value: 0
      objectReference: {fileID: 0}
    m_RemovedComponents: []
  m_SourcePrefab: {fileID: 100100000, guid: 625bc8e2020555c45bca1019699d0569, type: 3}
--- !u!4 &346678005722637745 stripped
Transform:
  m_CorrespondingSourceObject: {fileID: 4322275452205688778, guid: 625bc8e2020555c45bca1019699d0569, type: 3}
  m_PrefabInstance: {fileID: 4554383117214122619}
  m_PrefabAsset: {fileID: 0}
--- !u!1001 &4978661820544737589
PrefabInstance:
  m_ObjectHideFlags: 0
  serializedVersion: 2
  m_Modification:
    m_TransformParent: {fileID: 0}
    m_Modifications:
    - target: {fileID: 200421577408111658, guid: 039486a256e58244395733b0e21a13d2, type: 3}
      propertyPath: m_RootOrder
      value: 0
      objectReference: {fileID: 0}
    - target: {fileID: 200421577408111658, guid: 039486a256e58244395733b0e21a13d2, type: 3}
      propertyPath: m_LocalPosition.x
      value: 0
      objectReference: {fileID: 0}
    - target: {fileID: 200421577408111658, guid: 039486a256e58244395733b0e21a13d2, type: 3}
      propertyPath: m_LocalPosition.y
      value: 0
      objectReference: {fileID: 0}
    - target: {fileID: 200421577408111658, guid: 039486a256e58244395733b0e21a13d2, type: 3}
      propertyPath: m_LocalPosition.z
      value: 0
      objectReference: {fileID: 0}
    - target: {fileID: 200421577408111658, guid: 039486a256e58244395733b0e21a13d2, type: 3}
      propertyPath: m_LocalRotation.w
      value: 1
      objectReference: {fileID: 0}
    - target: {fileID: 200421577408111658, guid: 039486a256e58244395733b0e21a13d2, type: 3}
      propertyPath: m_LocalRotation.x
      value: 0
      objectReference: {fileID: 0}
    - target: {fileID: 200421577408111658, guid: 039486a256e58244395733b0e21a13d2, type: 3}
      propertyPath: m_LocalRotation.y
      value: 0
      objectReference: {fileID: 0}
    - target: {fileID: 200421577408111658, guid: 039486a256e58244395733b0e21a13d2, type: 3}
      propertyPath: m_LocalRotation.z
      value: 0
      objectReference: {fileID: 0}
    - target: {fileID: 200421577408111658, guid: 039486a256e58244395733b0e21a13d2, type: 3}
      propertyPath: m_LocalEulerAnglesHint.x
      value: 0
      objectReference: {fileID: 0}
    - target: {fileID: 200421577408111658, guid: 039486a256e58244395733b0e21a13d2, type: 3}
      propertyPath: m_LocalEulerAnglesHint.y
      value: 90
      objectReference: {fileID: 0}
    - target: {fileID: 200421577408111658, guid: 039486a256e58244395733b0e21a13d2, type: 3}
      propertyPath: m_LocalEulerAnglesHint.z
      value: 0
      objectReference: {fileID: 0}
    - target: {fileID: 200421577408111659, guid: 039486a256e58244395733b0e21a13d2, type: 3}
      propertyPath: m_Name
      value: Prefab
      objectReference: {fileID: 0}
    - target: {fileID: 1482153838152494418, guid: 039486a256e58244395733b0e21a13d2, type: 3}
      propertyPath: m_Materials.Array.data[0]
      value: 
      objectReference: {fileID: 2100000, guid: 53fc984d5ee1d3c46a193a67737bfcaa, type: 2}
    - target: {fileID: 1986377789899891164, guid: 039486a256e58244395733b0e21a13d2, type: 3}
      propertyPath: m_Size.x
      value: 0.2860322
      objectReference: {fileID: 0}
    - target: {fileID: 1986377789899891164, guid: 039486a256e58244395733b0e21a13d2, type: 3}
      propertyPath: m_Size.z
      value: 0.07209499
      objectReference: {fileID: 0}
    - target: {fileID: 1986377789899891164, guid: 039486a256e58244395733b0e21a13d2, type: 3}
      propertyPath: m_Center.z
      value: -0.000000040978193
      objectReference: {fileID: 0}
    - target: {fileID: 2546062923579179019, guid: 039486a256e58244395733b0e21a13d2, type: 3}
      propertyPath: otherSawingParts.Array.size
      value: 3
      objectReference: {fileID: 0}
    - target: {fileID: 2546062923579179019, guid: 039486a256e58244395733b0e21a13d2, type: 3}
      propertyPath: otherSawingParts.Array.data[0]
      value: 
      objectReference: {fileID: 2657088315392085240}
    - target: {fileID: 2546062923579179019, guid: 039486a256e58244395733b0e21a13d2, type: 3}
      propertyPath: otherSawingParts.Array.data[1]
      value: 
      objectReference: {fileID: 2809693139348447903}
    - target: {fileID: 2546062923579179019, guid: 039486a256e58244395733b0e21a13d2, type: 3}
      propertyPath: otherSawingParts.Array.data[2]
      value: 
      objectReference: {fileID: 3260015166458928553}
    - target: {fileID: 2546062923579179019, guid: 039486a256e58244395733b0e21a13d2, type: 3}
      propertyPath: vertexPathEditorData.Array.size
      value: 4
      objectReference: {fileID: 0}
    - target: {fileID: 2546062923579179019, guid: 039486a256e58244395733b0e21a13d2, type: 3}
      propertyPath: vertexPathEditorData.Array.data[1].regionID
      value: 1
      objectReference: {fileID: 0}
    - target: {fileID: 2546062923579179019, guid: 039486a256e58244395733b0e21a13d2, type: 3}
      propertyPath: vertexPathEditorData.Array.data[2].regionID
      value: 2
      objectReference: {fileID: 0}
    - target: {fileID: 2546062923579179019, guid: 039486a256e58244395733b0e21a13d2, type: 3}
      propertyPath: vertexPathEditorData.Array.data[3].regionID
      value: 3
      objectReference: {fileID: 0}
    - target: {fileID: 2546062923579179019, guid: 039486a256e58244395733b0e21a13d2, type: 3}
      propertyPath: vertexPathEditorData.Array.data[0].sawingPart
      value: 
      objectReference: {fileID: 4725360469864937343}
    - target: {fileID: 2546062923579179019, guid: 039486a256e58244395733b0e21a13d2, type: 3}
      propertyPath: vertexPathEditorData.Array.data[1].sawingPart
      value: 
      objectReference: {fileID: 6852459076441451604}
    - target: {fileID: 2546062923579179019, guid: 039486a256e58244395733b0e21a13d2, type: 3}
      propertyPath: vertexPathEditorData.Array.data[2].sawingPart
      value: 
      objectReference: {fileID: 1017468177860979575}
    - target: {fileID: 2546062923579179019, guid: 039486a256e58244395733b0e21a13d2, type: 3}
      propertyPath: vertexPathEditorData.Array.data[3].sawingPart
      value: 
      objectReference: {fileID: 4887113315364929299}
    - target: {fileID: 2546062923579179019, guid: 039486a256e58244395733b0e21a13d2, type: 3}
      propertyPath: vertexPathEditorData.Array.data[0].triggerZone
      value: 
      objectReference: {fileID: 2941764729440408504}
    - target: {fileID: 2546062923579179019, guid: 039486a256e58244395733b0e21a13d2, type: 3}
      propertyPath: vertexPathEditorData.Array.data[1].triggerZone
      value: 
      objectReference: {fileID: 346678005722637745}
    - target: {fileID: 2546062923579179019, guid: 039486a256e58244395733b0e21a13d2, type: 3}
      propertyPath: vertexPathEditorData.Array.data[2].triggerZone
      value: 
      objectReference: {fileID: 5736898146190160824}
    - target: {fileID: 2546062923579179019, guid: 039486a256e58244395733b0e21a13d2, type: 3}
      propertyPath: vertexPathEditorData.Array.data[3].triggerZone
      value: 
      objectReference: {fileID: 5032723233954769324}
    - target: {fileID: 2546062923579179019, guid: 039486a256e58244395733b0e21a13d2, type: 3}
      propertyPath: vertexPathEditorData.Array.data[0].overrideUVArea
      value: 0.21250002
      objectReference: {fileID: 0}
    - target: {fileID: 2546062923579179019, guid: 039486a256e58244395733b0e21a13d2, type: 3}
      propertyPath: vertexPathEditorData.Array.data[0].overrideUVSize.w
      value: 1
      objectReference: {fileID: 0}
    - target: {fileID: 2546062923579179019, guid: 039486a256e58244395733b0e21a13d2, type: 3}
      propertyPath: vertexPathEditorData.Array.data[0].overrideUVSize.x
      value: 0.025
      objectReference: {fileID: 0}
    - target: {fileID: 2546062923579179019, guid: 039486a256e58244395733b0e21a13d2, type: 3}
      propertyPath: vertexPathEditorData.Array.data[0].overrideUVSize.z
      value: 0.21249999
      objectReference: {fileID: 0}
    - target: {fileID: 2546062923579179019, guid: 039486a256e58244395733b0e21a13d2, type: 3}
      propertyPath: vertexPathEditorData.Array.data[0].vertexPathConfig
      value: 
      objectReference: {fileID: 11400000, guid: 730464c3cea4281478c1496d00e6f386, type: 2}
    - target: {fileID: 2546062923579179019, guid: 039486a256e58244395733b0e21a13d2, type: 3}
      propertyPath: vertexPathEditorData.Array.data[1].overrideUVSize.w
      value: -1
      objectReference: {fileID: 0}
    - target: {fileID: 2546062923579179019, guid: 039486a256e58244395733b0e21a13d2, type: 3}
      propertyPath: vertexPathEditorData.Array.data[1].overrideUVSize.x
      value: -1
      objectReference: {fileID: 0}
    - target: {fileID: 2546062923579179019, guid: 039486a256e58244395733b0e21a13d2, type: 3}
      propertyPath: vertexPathEditorData.Array.data[1].overrideUVSize.y
      value: -1
      objectReference: {fileID: 0}
    - target: {fileID: 2546062923579179019, guid: 039486a256e58244395733b0e21a13d2, type: 3}
      propertyPath: vertexPathEditorData.Array.data[1].overrideUVSize.z
      value: -1
      objectReference: {fileID: 0}
    - target: {fileID: 2546062923579179019, guid: 039486a256e58244395733b0e21a13d2, type: 3}
      propertyPath: vertexPathEditorData.Array.data[1].vertexPathConfig
      value: 
      objectReference: {fileID: 11400000, guid: 1f070fd53722eea4ab971af4ff819bd7, type: 2}
    - target: {fileID: 2546062923579179019, guid: 039486a256e58244395733b0e21a13d2, type: 3}
      propertyPath: vertexPathEditorData.Array.data[2].overrideUVSize.w
      value: -1
      objectReference: {fileID: 0}
    - target: {fileID: 2546062923579179019, guid: 039486a256e58244395733b0e21a13d2, type: 3}
      propertyPath: vertexPathEditorData.Array.data[2].overrideUVSize.x
      value: -1
      objectReference: {fileID: 0}
    - target: {fileID: 2546062923579179019, guid: 039486a256e58244395733b0e21a13d2, type: 3}
      propertyPath: vertexPathEditorData.Array.data[2].overrideUVSize.y
      value: -1
      objectReference: {fileID: 0}
    - target: {fileID: 2546062923579179019, guid: 039486a256e58244395733b0e21a13d2, type: 3}
      propertyPath: vertexPathEditorData.Array.data[2].overrideUVSize.z
      value: -1
      objectReference: {fileID: 0}
    - target: {fileID: 2546062923579179019, guid: 039486a256e58244395733b0e21a13d2, type: 3}
      propertyPath: vertexPathEditorData.Array.data[2].vertexPathConfig
      value: 
      objectReference: {fileID: 11400000, guid: 186b99d3dde7550428313104c404fd3e, type: 2}
    - target: {fileID: 2546062923579179019, guid: 039486a256e58244395733b0e21a13d2, type: 3}
      propertyPath: vertexPathEditorData.Array.data[3].overrideUVSize.w
      value: -1
      objectReference: {fileID: 0}
    - target: {fileID: 2546062923579179019, guid: 039486a256e58244395733b0e21a13d2, type: 3}
      propertyPath: vertexPathEditorData.Array.data[3].overrideUVSize.x
      value: -1
      objectReference: {fileID: 0}
    - target: {fileID: 2546062923579179019, guid: 039486a256e58244395733b0e21a13d2, type: 3}
      propertyPath: vertexPathEditorData.Array.data[3].overrideUVSize.y
      value: -1
      objectReference: {fileID: 0}
    - target: {fileID: 2546062923579179019, guid: 039486a256e58244395733b0e21a13d2, type: 3}
      propertyPath: vertexPathEditorData.Array.data[3].overrideUVSize.z
      value: -1
      objectReference: {fileID: 0}
    - target: {fileID: 2546062923579179019, guid: 039486a256e58244395733b0e21a13d2, type: 3}
      propertyPath: vertexPathEditorData.Array.data[3].vertexPathConfig
      value: 
      objectReference: {fileID: 11400000, guid: a22cede5a40bb8f428745b38fd7548ff, type: 2}
    - target: {fileID: 2678124249459416961, guid: 039486a256e58244395733b0e21a13d2, type: 3}
      propertyPath: m_Materials.Array.data[0]
      value: 
      objectReference: {fileID: 2100000, guid: 53fc984d5ee1d3c46a193a67737bfcaa, type: 2}
    - target: {fileID: 3003416048150525724, guid: 039486a256e58244395733b0e21a13d2, type: 3}
      propertyPath: m_Mesh
      value: 
      objectReference: {fileID: 4300000, guid: a6579db97860ffe4e9f45301620455d0, type: 2}
    - target: {fileID: 3413720304906911714, guid: 039486a256e58244395733b0e21a13d2, type: 3}
      propertyPath: toningPaintable
      value: 
      objectReference: {fileID: 1565480910036004545}
    - target: {fileID: 3413720304906911714, guid: 039486a256e58244395733b0e21a13d2, type: 3}
      propertyPath: sawedFinalObject
      value: 
      objectReference: {fileID: 8267857708301781783}
    - target: {fileID: 3413720304906911714, guid: 039486a256e58244395733b0e21a13d2, type: 3}
      propertyPath: chamferedFinalObject
      value: 
      objectReference: {fileID: 5595238349317074750}
    - target: {fileID: 3413720304906911714, guid: 039486a256e58244395733b0e21a13d2, type: 3}
      propertyPath: otherSawingParts.Array.size
      value: 3
      objectReference: {fileID: 0}
    - target: {fileID: 3413720304906911714, guid: 039486a256e58244395733b0e21a13d2, type: 3}
      propertyPath: toningEditorData.Array.size
      value: 2
      objectReference: {fileID: 0}
    - target: {fileID: 3413720304906911714, guid: 039486a256e58244395733b0e21a13d2, type: 3}
      propertyPath: otherSawingParts.Array.data[0]
      value: 
      objectReference: {fileID: 2657088315392085240}
    - target: {fileID: 3413720304906911714, guid: 039486a256e58244395733b0e21a13d2, type: 3}
      propertyPath: otherSawingParts.Array.data[1]
      value: 
      objectReference: {fileID: 2809693139348447903}
    - target: {fileID: 3413720304906911714, guid: 039486a256e58244395733b0e21a13d2, type: 3}
      propertyPath: otherSawingParts.Array.data[2]
      value: 
      objectReference: {fileID: 3260015166458928553}
    - target: {fileID: 3413720304906911714, guid: 039486a256e58244395733b0e21a13d2, type: 3}
      propertyPath: toningEditorData.Array.data[0].uvArea
      value: 0.01271698
      objectReference: {fileID: 0}
    - target: {fileID: 3413720304906911714, guid: 039486a256e58244395733b0e21a13d2, type: 3}
      propertyPath: toningEditorData.Array.data[1].uvArea
      value: 0.012716969
      objectReference: {fileID: 0}
    - target: {fileID: 3413720304906911714, guid: 039486a256e58244395733b0e21a13d2, type: 3}
      propertyPath: toningEditorData.Array.data[0].renderer
      value: 
      objectReference: {fileID: 4407335369590943879}
    - target: {fileID: 3413720304906911714, guid: 039486a256e58244395733b0e21a13d2, type: 3}
      propertyPath: toningEditorData.Array.data[1].renderer
      value: 
      objectReference: {fileID: 6248424741055914230}
    - target: {fileID: 4276362452957727951, guid: 039486a256e58244395733b0e21a13d2, type: 3}
      propertyPath: m_Mesh
      value: 
      objectReference: {fileID: 4300000, guid: 16e877bd432e3724caad5ca5f205159a, type: 2}
    - target: {fileID: 5556826411945738188, guid: 039486a256e58244395733b0e21a13d2, type: 3}
      propertyPath: vertexPathEditorData.Array.size
      value: 1
      objectReference: {fileID: 0}
    - target: {fileID: 5556826411945738188, guid: 039486a256e58244395733b0e21a13d2, type: 3}
      propertyPath: vertexPathEditorData.Array.data[0].sawingPart
      value: 
      objectReference: {fileID: 4725360469864937343}
    - target: {fileID: 5556826411945738188, guid: 039486a256e58244395733b0e21a13d2, type: 3}
      propertyPath: vertexPathEditorData.Array.data[0].triggerZone
      value: 
      objectReference: {fileID: 1151354999917652454}
    - target: {fileID: 5556826411945738188, guid: 039486a256e58244395733b0e21a13d2, type: 3}
      propertyPath: vertexPathEditorData.Array.data[0].vertexPathConfig
      value: 
      objectReference: {fileID: 11400000, guid: 730464c3cea4281478c1496d00e6f386, type: 2}
    - target: {fileID: 5946924383109660642, guid: 039486a256e58244395733b0e21a13d2, type: 3}
      propertyPath: m_LocalPosition.x
      value: 0
      objectReference: {fileID: 0}
    - target: {fileID: 5946924383109660642, guid: 039486a256e58244395733b0e21a13d2, type: 3}
      propertyPath: m_LocalPosition.y
      value: 0.0151
      objectReference: {fileID: 0}
    - target: {fileID: 5946924383109660642, guid: 039486a256e58244395733b0e21a13d2, type: 3}
      propertyPath: m_LocalPosition.z
      value: 1.1920929e-11
      objectReference: {fileID: 0}
    - target: {fileID: 6719680311252008809, guid: 039486a256e58244395733b0e21a13d2, type: 3}
      propertyPath: m_Mesh
      value: 
      objectReference: {fileID: 4300000, guid: a6579db97860ffe4e9f45301620455d0, type: 2}
    - target: {fileID: 7033388394666882775, guid: 039486a256e58244395733b0e21a13d2, type: 3}
      propertyPath: m_LocalRotation.w
      value: 0.7071068
      objectReference: {fileID: 0}
    - target: {fileID: 7033388394666882775, guid: 039486a256e58244395733b0e21a13d2, type: 3}
      propertyPath: m_LocalRotation.x
      value: -0
      objectReference: {fileID: 0}
    - target: {fileID: 7033388394666882775, guid: 039486a256e58244395733b0e21a13d2, type: 3}
      propertyPath: m_LocalRotation.y
      value: -0
      objectReference: {fileID: 0}
    - target: {fileID: 7033388394666882775, guid: 039486a256e58244395733b0e21a13d2, type: 3}
      propertyPath: m_LocalRotation.z
      value: 0.70710677
      objectReference: {fileID: 0}
    - target: {fileID: 8567847429075496337, guid: 039486a256e58244395733b0e21a13d2, type: 3}
      propertyPath: m_Mesh
      value: 
      objectReference: {fileID: 4300000, guid: 16e877bd432e3724caad5ca5f205159a, type: 2}
    m_RemovedComponents: []
  m_SourcePrefab: {fileID: 100100000, guid: 039486a256e58244395733b0e21a13d2, type: 3}
--- !u!4 &5179078896085468447 stripped
Transform:
  m_CorrespondingSourceObject: {fileID: 200421577408111658, guid: 039486a256e58244395733b0e21a13d2, type: 3}
  m_PrefabInstance: {fileID: 4978661820544737589}
  m_PrefabAsset: {fileID: 0}
--- !u!4 &637630631707252825 stripped
Transform:
  m_CorrespondingSourceObject: {fileID: 5606580361746184556, guid: 039486a256e58244395733b0e21a13d2, type: 3}
  m_PrefabInstance: {fileID: 4978661820544737589}
  m_PrefabAsset: {fileID: 0}
--- !u!4 &1999054004531007675 stripped
Transform:
  m_CorrespondingSourceObject: {fileID: 6821215703051989390, guid: 039486a256e58244395733b0e21a13d2, type: 3}
  m_PrefabInstance: {fileID: 4978661820544737589}
  m_PrefabAsset: {fileID: 0}
--- !u!4 &8917677565277457352 stripped
Transform:
  m_CorrespondingSourceObject: {fileID: 4527866894241966845, guid: 039486a256e58244395733b0e21a13d2, type: 3}
  m_PrefabInstance: {fileID: 4978661820544737589}
  m_PrefabAsset: {fileID: 0}
--- !u!1001 &5080095550338640013
PrefabInstance:
  m_ObjectHideFlags: 0
  serializedVersion: 2
  m_Modification:
    m_TransformParent: {fileID: 8917677565277457352}
    m_Modifications:
    - target: {fileID: 299579926811496707, guid: a60dad920f973ef47a56a55ab7a4c5eb, type: 3}
      propertyPath: m_Name
      value: DrillZone3
      objectReference: {fileID: 0}
    - target: {fileID: 5546204518371930970, guid: a60dad920f973ef47a56a55ab7a4c5eb, type: 3}
      propertyPath: _target
      value: 
      objectReference: {fileID: 6476008865034435779}
    - target: {fileID: 5616278134645749563, guid: a60dad920f973ef47a56a55ab7a4c5eb, type: 3}
      propertyPath: m_RootOrder
      value: 3
      objectReference: {fileID: 0}
    - target: {fileID: 5616278134645749563, guid: a60dad920f973ef47a56a55ab7a4c5eb, type: 3}
      propertyPath: m_LocalPosition.x
      value: 0.042000003
      objectReference: {fileID: 0}
    - target: {fileID: 5616278134645749563, guid: a60dad920f973ef47a56a55ab7a4c5eb, type: 3}
      propertyPath: m_LocalPosition.y
      value: -4.656641e-10
      objectReference: {fileID: 0}
    - target: {fileID: 5616278134645749563, guid: a60dad920f973ef47a56a55ab7a4c5eb, type: 3}
      propertyPath: m_LocalPosition.z
      value: -0.0002174573
      objectReference: {fileID: 0}
    - target: {fileID: 5616278134645749563, guid: a60dad920f973ef47a56a55ab7a4c5eb, type: 3}
      propertyPath: m_LocalRotation.w
      value: 1
      objectReference: {fileID: 0}
    - target: {fileID: 5616278134645749563, guid: a60dad920f973ef47a56a55ab7a4c5eb, type: 3}
      propertyPath: m_LocalRotation.x
      value: 0.000000021855694
      objectReference: {fileID: 0}
    - target: {fileID: 5616278134645749563, guid: a60dad920f973ef47a56a55ab7a4c5eb, type: 3}
      propertyPath: m_LocalRotation.y
      value: -0
      objectReference: {fileID: 0}
    - target: {fileID: 5616278134645749563, guid: a60dad920f973ef47a56a55ab7a4c5eb, type: 3}
      propertyPath: m_LocalRotation.z
      value: -0
      objectReference: {fileID: 0}
    - target: {fileID: 5616278134645749563, guid: a60dad920f973ef47a56a55ab7a4c5eb, type: 3}
      propertyPath: m_LocalEulerAnglesHint.x
      value: 0
      objectReference: {fileID: 0}
    - target: {fileID: 5616278134645749563, guid: a60dad920f973ef47a56a55ab7a4c5eb, type: 3}
      propertyPath: m_LocalEulerAnglesHint.y
      value: 0
      objectReference: {fileID: 0}
    - target: {fileID: 5616278134645749563, guid: a60dad920f973ef47a56a55ab7a4c5eb, type: 3}
      propertyPath: m_LocalEulerAnglesHint.z
      value: 0
      objectReference: {fileID: 0}
    m_RemovedComponents: []
  m_SourcePrefab: {fileID: 100100000, guid: a60dad920f973ef47a56a55ab7a4c5eb, type: 3}
--- !u!1001 &8387462722851083378
PrefabInstance:
  m_ObjectHideFlags: 0
  serializedVersion: 2
  m_Modification:
    m_TransformParent: {fileID: 1999054004531007675}
    m_Modifications:
    - target: {fileID: 1041169334180894229, guid: 625bc8e2020555c45bca1019699d0569, type: 3}
      propertyPath: m_Name
      value: 2
      objectReference: {fileID: 0}
    - target: {fileID: 4322275452205688778, guid: 625bc8e2020555c45bca1019699d0569, type: 3}
      propertyPath: m_RootOrder
      value: 2
      objectReference: {fileID: 0}
    - target: {fileID: 4322275452205688778, guid: 625bc8e2020555c45bca1019699d0569, type: 3}
      propertyPath: m_LocalPosition.x
      value: 0.098
      objectReference: {fileID: 0}
    - target: {fileID: 4322275452205688778, guid: 625bc8e2020555c45bca1019699d0569, type: 3}
      propertyPath: m_LocalPosition.y
      value: -4.6566434e-10
      objectReference: {fileID: 0}
    - target: {fileID: 4322275452205688778, guid: 625bc8e2020555c45bca1019699d0569, type: 3}
      propertyPath: m_LocalPosition.z
      value: -0.0002174573
      objectReference: {fileID: 0}
    - target: {fileID: 4322275452205688778, guid: 625bc8e2020555c45bca1019699d0569, type: 3}
      propertyPath: m_LocalRotation.w
      value: 1
      objectReference: {fileID: 0}
    - target: {fileID: 4322275452205688778, guid: 625bc8e2020555c45bca1019699d0569, type: 3}
      propertyPath: m_LocalRotation.x
      value: 0.00000008146034
      objectReference: {fileID: 0}
    - target: {fileID: 4322275452205688778, guid: 625bc8e2020555c45bca1019699d0569, type: 3}
      propertyPath: m_LocalRotation.y
      value: -0
      objectReference: {fileID: 0}
    - target: {fileID: 4322275452205688778, guid: 625bc8e2020555c45bca1019699d0569, type: 3}
      propertyPath: m_LocalRotation.z
      value: -0
      objectReference: {fileID: 0}
    - target: {fileID: 4322275452205688778, guid: 625bc8e2020555c45bca1019699d0569, type: 3}
      propertyPath: m_LocalEulerAnglesHint.x
      value: 0
      objectReference: {fileID: 0}
    - target: {fileID: 4322275452205688778, guid: 625bc8e2020555c45bca1019699d0569, type: 3}
      propertyPath: m_LocalEulerAnglesHint.y
      value: 0
      objectReference: {fileID: 0}
    - target: {fileID: 4322275452205688778, guid: 625bc8e2020555c45bca1019699d0569, type: 3}
      propertyPath: m_LocalEulerAnglesHint.z
      value: 0
      objectReference: {fileID: 0}
    m_RemovedComponents: []
  m_SourcePrefab: {fileID: 100100000, guid: 625bc8e2020555c45bca1019699d0569, type: 3}
--- !u!4 &5736898146190160824 stripped
Transform:
  m_CorrespondingSourceObject: {fileID: 4322275452205688778, guid: 625bc8e2020555c45bca1019699d0569, type: 3}
  m_PrefabInstance: {fileID: 8387462722851083378}
  m_PrefabAsset: {fileID: 0}
--- !u!1001 &8661732072606314543
PrefabInstance:
  m_ObjectHideFlags: 0
  serializedVersion: 2
  m_Modification:
    m_TransformParent: {fileID: 8917677565277457352}
    m_Modifications:
    - target: {fileID: 299579926811496707, guid: a60dad920f973ef47a56a55ab7a4c5eb, type: 3}
      propertyPath: m_Name
      value: DrillZone2
      objectReference: {fileID: 0}
    - target: {fileID: 5546204518371930970, guid: a60dad920f973ef47a56a55ab7a4c5eb, type: 3}
      propertyPath: _target
      value: 
      objectReference: {fileID: 5623634165128370449}
    - target: {fileID: 5616278134645749563, guid: a60dad920f973ef47a56a55ab7a4c5eb, type: 3}
      propertyPath: m_RootOrder
      value: 2
      objectReference: {fileID: 0}
    - target: {fileID: 5616278134645749563, guid: a60dad920f973ef47a56a55ab7a4c5eb, type: 3}
      propertyPath: m_LocalPosition.x
      value: 0.098
      objectReference: {fileID: 0}
    - target: {fileID: 5616278134645749563, guid: a60dad920f973ef47a56a55ab7a4c5eb, type: 3}
      propertyPath: m_LocalPosition.y
      value: -4.6566434e-10
      objectReference: {fileID: 0}
    - target: {fileID: 5616278134645749563, guid: a60dad920f973ef47a56a55ab7a4c5eb, type: 3}
      propertyPath: m_LocalPosition.z
      value: -0.0002174573
      objectReference: {fileID: 0}
    - target: {fileID: 5616278134645749563, guid: a60dad920f973ef47a56a55ab7a4c5eb, type: 3}
      propertyPath: m_LocalRotation.w
      value: 1
      objectReference: {fileID: 0}
    - target: {fileID: 5616278134645749563, guid: a60dad920f973ef47a56a55ab7a4c5eb, type: 3}
      propertyPath: m_LocalRotation.x
      value: 0.00000008146034
      objectReference: {fileID: 0}
    - target: {fileID: 5616278134645749563, guid: a60dad920f973ef47a56a55ab7a4c5eb, type: 3}
      propertyPath: m_LocalRotation.y
      value: -0
      objectReference: {fileID: 0}
    - target: {fileID: 5616278134645749563, guid: a60dad920f973ef47a56a55ab7a4c5eb, type: 3}
      propertyPath: m_LocalRotation.z
      value: -0
      objectReference: {fileID: 0}
    - target: {fileID: 5616278134645749563, guid: a60dad920f973ef47a56a55ab7a4c5eb, type: 3}
      propertyPath: m_LocalEulerAnglesHint.x
      value: 0
      objectReference: {fileID: 0}
    - target: {fileID: 5616278134645749563, guid: a60dad920f973ef47a56a55ab7a4c5eb, type: 3}
      propertyPath: m_LocalEulerAnglesHint.y
      value: 0
      objectReference: {fileID: 0}
    - target: {fileID: 5616278134645749563, guid: a60dad920f973ef47a56a55ab7a4c5eb, type: 3}
      propertyPath: m_LocalEulerAnglesHint.z
      value: 0
      objectReference: {fileID: 0}
    m_RemovedComponents: []
  m_SourcePrefab: {fileID: 100100000, guid: a60dad920f973ef47a56a55ab7a4c5eb, type: 3}
--- !u!1001 &9091674193860677222
PrefabInstance:
  m_ObjectHideFlags: 0
  serializedVersion: 2
  m_Modification:
    m_TransformParent: {fileID: 1999054004531007675}
    m_Modifications:
    - target: {fileID: 1041169334180894229, guid: 625bc8e2020555c45bca1019699d0569, type: 3}
      propertyPath: m_Name
      value: 3
      objectReference: {fileID: 0}
    - target: {fileID: 4322275452205688778, guid: 625bc8e2020555c45bca1019699d0569, type: 3}
      propertyPath: m_RootOrder
      value: 3
      objectReference: {fileID: 0}
    - target: {fileID: 4322275452205688778, guid: 625bc8e2020555c45bca1019699d0569, type: 3}
      propertyPath: m_LocalPosition.x
      value: 0.042000003
      objectReference: {fileID: 0}
    - target: {fileID: 4322275452205688778, guid: 625bc8e2020555c45bca1019699d0569, type: 3}
      propertyPath: m_LocalPosition.y
      value: -4.656641e-10
      objectReference: {fileID: 0}
    - target: {fileID: 4322275452205688778, guid: 625bc8e2020555c45bca1019699d0569, type: 3}
      propertyPath: m_LocalPosition.z
      value: -0.0002174573
      objectReference: {fileID: 0}
    - target: {fileID: 4322275452205688778, guid: 625bc8e2020555c45bca1019699d0569, type: 3}
      propertyPath: m_LocalRotation.w
      value: 1
      objectReference: {fileID: 0}
    - target: {fileID: 4322275452205688778, guid: 625bc8e2020555c45bca1019699d0569, type: 3}
      propertyPath: m_LocalRotation.x
      value: 0.000000021855694
      objectReference: {fileID: 0}
    - target: {fileID: 4322275452205688778, guid: 625bc8e2020555c45bca1019699d0569, type: 3}
      propertyPath: m_LocalRotation.y
      value: -0
      objectReference: {fileID: 0}
    - target: {fileID: 4322275452205688778, guid: 625bc8e2020555c45bca1019699d0569, type: 3}
      propertyPath: m_LocalRotation.z
      value: -0
      objectReference: {fileID: 0}
    - target: {fileID: 4322275452205688778, guid: 625bc8e2020555c45bca1019699d0569, type: 3}
      propertyPath: m_LocalEulerAnglesHint.x
      value: 0
      objectReference: {fileID: 0}
    - target: {fileID: 4322275452205688778, guid: 625bc8e2020555c45bca1019699d0569, type: 3}
      propertyPath: m_LocalEulerAnglesHint.y
      value: 0
      objectReference: {fileID: 0}
    - target: {fileID: 4322275452205688778, guid: 625bc8e2020555c45bca1019699d0569, type: 3}
      propertyPath: m_LocalEulerAnglesHint.z
      value: 0
      objectReference: {fileID: 0}
    m_RemovedComponents: []
  m_SourcePrefab: {fileID: 100100000, guid: 625bc8e2020555c45bca1019699d0569, type: 3}
--- !u!4 &5032723233954769324 stripped
Transform:
  m_CorrespondingSourceObject: {fileID: 4322275452205688778, guid: 625bc8e2020555c45bca1019699d0569, type: 3}
  m_PrefabInstance: {fileID: 9091674193860677222}
  m_PrefabAsset: {fileID: 0}
